3490 5286
745 361 951 421 -2,..

349 550 379 607 p.
391 546 460 607 229,
475 547 490 588 2
505 550 550 608 sq.
576 519 612 611 ἢν
626 527 657 592 δὲ
678 529 709 591 τό
732 526 819 592 πλέον
832 529 934 604 ,αὐτοῖς
953 535 1004 611 τῆς
1024 527 1155 610 στρατιᾶς
1173 525 1296 608 ἔποικον,
1305 524 1446 607 Ἰλλυριοί,

249 627 420 692 Μεσσάπιοι
442 652 522 709 quae
544 633 713 693 Schneider
734 634 765 706 (l.
781 653 805 696 c.
827 653 857 710 p.
875 649 914 707 55
939 653 1008 691 ann.
1039 630 1064 710 τ)
1088 632 1278 708 vituperavit,
1301 630 1446 707 quoniam

255 721 334 791 ‘non
356 735 453 792 solum
481 736 611 811 copulae
639 735 780 794 defectus
803 735 941 809 offendit,
975 737 1033 794 sed
1058 735 1154 793 multo
1181 732 1279 809 magis
1303 731 1446 807 ..quod

250 835 418 911 lllyriorum
440 880 466 894 ..
488 837 571 895 nulla
590 837 621 894 in
643 837 829 912 assignanda
851 845 931 894 terra
953 834 1030 894 ratio
1052 834 1157 894 habita
1179 843 1237 895 est.
1271 831 1445 909 ItaqueNi-

251 939 398 996 candrum
422 946 498 1014 puto
520 938 696 997 nominasse
722 938 895 1013 Messapios
926 939 964 996 ab
987 936 1087 1013 Illyria
1108 936 1265 995 oriundos.
1288 980 1296 995 .
1319 934 1359 991 At
1384 932 1445 990 ior·

248 1047 331 1096 tasse
360 1039 473 1101 Anton.
506 1039 625 1114 scripsit
649 1033 780 1114 Ἰλλύριοι
802 1035 990 1111 Μεσσαπίου,
1022 1046 1056 1096 ut
1078 1037 1252 1112 Messapius
1278 1033 1444 1111 Illyriorum

249 1139 310 1199 dux
336 1140 434 1211 fuerit,
464 1148 518 1198 aut
536 1131 666 1216 Ἱλλόριοι
692 1140 771 1198 male
797 1141 858 1199 huc
882 1141 999 1198 illatum
1022 1155 1060 1196 ex
1084 1138 1144 1198 lab.
1169 1125 1229 1212 37³.
1273 1135 1369 1193 Vides
1392 1133 1444 1190 viri

248 1241 418 1299 doctissimi
444 1248 636 1318 quantopere
662 1241 789 1299 fluctuet
816 1241 970 1301 iudicium.
1014 1240 1115 1315 Atque
1146 1247 1179 1296 ut
1202 1257 1220 1295 a
1243 1235 1352 1294 codice
1373 1251 1443 1309 pro-

247 1340 423 1417 ficiscamur,
446 1341 583 1401 librarius
605 1319 731 1419 i'ltvproi
757 1345 843 1419 quod
875 1343 980 1419 spiritu
1007 1350 1091 1400 caret
1113 1348 1145 1398 et
1166 1346 1283 1416 puncto
1304 1343 1443 1396 notatum

247 1451 304 1512 est,
333 1452 519 1520 expunctum
546 1445 649 1503 voluit.
693 1443 789 1518 Quod
816 1463 868 1504 cur
901 1463 964 1503 non
992 1443 1066 1502 satis
1096 1459 1165 1500 esse
1197 1441 1326 1512 credam,
1349 1455 1444 1496 causa

247 1545 425 1619 gravissima
458 1565 548 1621 quam
580 1545 799 1605 Schneiderum
826 1547 917 1604 miror
941 1545 1093 1621 effugisse,
1121 1544 1152 1601 in
1181 1542 1216 1601 iis
1248 1559 1328 1616 quae
1350 1538 1441 1614 paulo

246 1655 318 1721 post
340 1647 381 1704 de
403 1665 552 1724 pagorum
575 1647 748 1704 nominibus
770 1647 934 1706 aducibus
957 1645 1127 1722 desumptis
1150 1651 1323 1713 narrantur,¹
1340 1642 1441 1699 inesse

246 1747 377 1805 videtur.
420 1747 532 1806 Terras
562 1749 642 1807 enim
672 1757 838 1824 occupatas
867 1747 1037 1806 secundum
1058 1747 1183 1805 nomina
1203 1747 1316 1804 ducum
1338 1741 1442 1818 appel·

248 1851 324 1907 latas
339 1867 409 1906 esse
425 1849 569 1907 certiores
584 1848 671 1906 fimus
687 1864 743 1922 v.5
766 1844 820 1926 τὴν
832 1852 890 1926 γῆν
903 1843 1040 1926 ἕμέρισαν
1057 1851 1135 1931 τριχῇ
1157 1845 1207 1905 καλ
1228 1839 1385 1921 ὠνόμασαν
1406 1836 1444 1912 ὠς

246 1944 371 2021 ἑκάστοις
393 1943 532 2028 ἡγεμόνος
551 1939 610 2028 εἶχε
627 1945 773 2021 Δαννίονς
793 1949 842 2008 καὶ
863 1945 1037 2021 Πευκετίονς
1053 1947 1102 2007 καὶ
1124 1941 1341 2017 [Μεσσαπίους.
1363 1990 1369 2003 .
1387 1989 1394 2004 .
1412 1937 1442 2002 τὸ

247 2045 278 2109 δὲ
299 2047 419 2126 σύμπαν
439 2043 527 2122 ἔθνος
546 2039 706 2126 ὠνόμασαν
724 2045 874 2128 Ἰαπύγων.
906 2049 1020 2127 Utique
1042 2050 1132 2127 igitur
1153 2066 1282 2108 necesse
1302 2054 1350 2104 est
1360 2046 1441 2104 Mes·

249 2147 378 2229 sapuml
401 2153 512 2210 ducem
528 2152 621 2211 fuisse
636 2153 729 2228 idque
751 2161 842 2211 antea
855 2152 967 2210 alicubi
990 2160 1260 2210 commemoratum
1278 2167 1357 2208 esse.
1380 2147 1440 2204 Ita-

249 2269 308 2326 que
323 2252 543 2311 Schneiderum
559 2255 695 2312 secunda
711 2254 758 2311 via
773 2255 815 2311 ad
830 2271 934 2311 verum
945 2254 1082 2330 proxime
1096 2251 1264 2312 accessisse
1279 2249 1441 2307 arbitratus

252 2355 368 2412 suadeo
390 2363 425 2412 ut
446 2356 594 2431 legamus:
619 2341 656 2431 ἦν
670 2351 701 2412 δὲ
720 2350 752 2413 τὸ
774 2348 860 2413 πλέον
880 2350 977 2425 αὐτοῖς
996 2357 1049 2432 τῆς
1067 2356 1197 2432 στρατιᾶς
1218 2345 1331 2411 ἔποικον
1351 2344 1441 2426 <οἱ>2

249 2449 424 2514 Μεσσόποο.
461 2455 565 2514 Verba
587 2474 667 2533 quae
688 2457 774 2515 attuli
796 2449 833 2526 ὠς
852 2450 978 2526 ἑκάστοις
999 2449 1140 2533 ἡγεμόνος
1160 2443 1227 2531 εἶχε,
1248 2453 1288 2510 de
1310 2467 1439 2528 quorum

249 2573 339 2612 sensu
351 2556 474 2631 quidem
486 2557 638 2616 dubitatio
650 2575 714 2615 non
728 2565 786 2627 est,
802 2575 974 2616 sermonem
989 2557 1014 2615 si
1028 2557 1266 2625 consideramus,
1276 2553 1439 2613 maximam

247 2657 391 2716 exhibent
412 2659 619 2718 offensionem.
657 2658 765 2734 Neque
787 2678 807 2718 a
827 2678 877 2717 me
899 2659 1060 2736 impetrare
1082 2676 1216 2736 possum,
1240 2665 1272 2715 ut
1293 2673 1332 2714 ea
1354 2657 1438 2713 salva

244 2767 378 2817 aetatem
401 2760 506 2819 tulisse
527 2761 643 2836 opiner.
687 2757 842 2820 Persuasit
870 2761 943 2819 mihi
965 2761 1132 2820 Buecheler
1162 2757 1317 2834 scripsisse
1342 2754 1438 2814 Anto·

245 2892 347 2951 ninum
368 2889 418 2955 Ω(
440 2890 631 2956 ΕΚΑΕῘΟΙ(
656 2892 704 2956 ΗΓ
703 2891 874 2958 ΕΜΟΝΟ(
896 2839 922 2957 g
944 2893 1048 2966 ΕΙΧΕ;
1070 2895 1107 2956 cf.
1130 2912 1221 2972 supra
1242 2913 1272 2970 p.
1290 2907 1326 2965 23
1346 2910 1393 2949 an.
1409 2907 1438 2964 4.

342 2993 464 3056 Deinde
497 2999 528 3056 in
561 2998 737 3057 narratione
770 2997 845 3057 fines
879 3007 1025 3056 terrarum
1055 2996 1226 3056 accuratius
1253 2993 1439 3052 definiuntur

246 3090 286 3170 (u.
309 3091 339 3171 ὁ)
360 3092 390 3154 τό
411 3092 468 3174 μὲν
489 3094 548 3158 ἀπὸ
572 3096 722 3179 Τάραντος
741 3095 807 3177 ἄχρι
828 3095 900 3176 πρός
920 3096 973 3178 τὴν
994 3095 1127 3177 ἐσχατιάν
1148 3101 1194 3181 τῆς
1209 3089 1356 3166 Ἰταλιάς8
1376 3088 1391 3150 ε’
1409 3085 1437 3152 ό·

243 3213 303 3253 νετο
316 3193 511 3270 Μεσσαπίων,
532 3197 564 3259 ἕν
584 3185 606 3286 ᾖ
624 3197 705 3273 πόλις
721 3197 861 3288 ᾤκισται4
886 3195 1060 3279 Βρεντέσιον,
1082 3195 1113 3258 τὸ
1136 3195 1167 3259 δὲ
1190 3193 1270 3277 παρὰ
1288 3191 1341 3273 τὴν
1361 3191 1439 3265 ἐντός

242 3299 293 3354 τού
316 3294 465 3376 Τάραντος
485 3295 594 3378 ἐγένετο
610 3299 783 3376 Πευκετίων,
803 3297 940 3380 ἐνδοτέρω
963 3298 994 3360 δὲ
1015 3297 1115 3360 τούτου
1136 3304 1187 3379 τῆς
1209 3293 1356 3375 θαλάσσης
1372 3290 1438 3355 ἕπε’-

242 3397 329 3456 πλεον
354 3395 488 3474 Δαύνιοι,
520 3395 552 3460 τό
579 3398 610 3463 δὲ
636 3398 755 3480 σύμπαν
783 3397 870 3476 ἔθνος
896 3399 1050 3479 ὠνόμασαν
1073 3397 1223 3480 Ἰαπύγων.
1267 3399 1303 3457 ln
1328 3399 1437 3476 quibus

243 3499 422 3558 Schneideri
443 3505 494 3580 τῆς
514 3499 664 3581 θαλάσσης
683 3499 842 3564 ε’πιπλόσνπ
865 3515 897 3562 et
916 3494 947 3563 τό
969 3499 1094 3579 δὲπαρά
1116 3498 1228 3577 ταύτην,
1251 3503 1353 3560 donec
1374 3520 1437 3559 me·

242 3598 297 3658 lius
320 3601 434 3677 aliquid
456 3611 606 3679 repertum
629 3605 677 3676 sit,
701 3605 732 3663 in
754 3613 870 3664 textum
892 3606 1069 3683 recipienda
1091 3621 1160 3662 esse
1182 3604 1308 3664 arbitror
1320 3601 1340 3662 ⁶.

339 3721 369 3778 p.
387 3719 455 3776 231,
470 3717 486 3778 7
500 3701 567 3780 sq.⁶
586 3700 618 3763 ἕν
638 3701 669 3764 δὲ
693 3700 782 3790 τούτῳ
803 3705 853 3765 καλ
871 3702 1028 3785 Ἀλκμήνη
1047 3701 1119 3764 κατὰ
1140 3709 1234 3784 γῆρας
1252 3701 1435 3785 ἀποθνήσκει
1454 3713 1508 3768 lab.
1518 3725 1551 3777 33

341 3838 529 3901 1Μέσσαπος
547 3847 623 3913 enim,
647 3863 702 3898 non
721 3842 897 3908 Μεσσάπιος,
920 3855 950 3898 ut
972 3849 1056 3899 voluit
1074 3848 1227 3914 Schneider,
1253 3849 1305 3899 dux
1323 3847 1369 3899 ille
1392 3865 1436 3898 au·

238 3930 316 3998 divit;
343 3932 375 3983 cs.
394 3933 479 3985 Strab.
497 3935 550 4000 IX,
564 3944 616 3999 405
642 3943 668 3985 et
684 3935 775 4002 Steph.
796 3938 857 4004 Byz.
878 3953 898 3988 s.
910 3955 935 3989 v.
961 3929 1142 4000 Μεσσάπιον,
1163 3931 1325 3989 Μεσσάπιοι
1346 3939 1435 4005 potius

238 4019 345 4069 incolae
363 4025 535 4079 Μεσσαπίας
552 4024 757 4091 appellabantur.

337 4104 489 4161 2Αῐὶὶσιιλο
508 4111 577 4162 enim
596 4112 639 4163 vix
659 4129 747 4163 carere
765 4113 834 4164 licet.

338 4193 351 4231 ³
367 4199 474 4250 Futtilis
492 4199 647 4251 Schneideri
666 4202 815 4254 coniectura
834 4196 984 4270 ’Ianuyloffi
1010 4204 1043 4254 ci.
1058 4220 1085 4270 p.
1104 4215 1163 4269 νος,
1181 4216 1213 4271 25
1233 4206 1282 4268 τὴν
1304 4198 1435 4272 ἐσχατιὰν

236 4280 286 4348 τῆς
305 4287 464 4344 Θεσσαλίας.

337 4370 351 4408 ⁴
368 4375 409 4424 Ex
428 4367 526 4443 ᾤκηναι
547 4393 562 4426 a
580 4377 725 4429 Munclrero
744 4395 808 4433 corr.

335 4458 505 4517 5Ἐπτνιλεῖν
523 4466 587 4516 alibi
607 4483 664 4517 cum
684 4469 773 4519 dativo
792 4486 846 4519 non
866 4471 1038 4534 coniungitur.

337 4547 349 4584 ⁶
366 4552 419 4602 Pro
432 4554 580 4621 προέλεγεν
598 4552 647 4623 (εἰσ
660 4556 756 4624 codex)
775 4557 836 4621 lege
851 4549 1009 4627 προύλεγεν,
1029 4561 1062 4613 cl.
1073 4577 1097 4627 p.
1111 4573 1170 4627 237,
1181 4574 1215 4627 27
1229 4556 1428 4629 προύτίθεσαν;

235 4637 317 4688 cresis
337 4641 486 4716 reducenda
505 4649 544 4694 est
560 4644 637 4694 etiam
656 4662 682 4713 p.
695 4647 781 4709 226,9
800 4647 828 4697 in
843 4640 1057 4718 προεσήμαινον,
1072 4650 1145 4717 quod
1165 4665 1196 4701 ex
1212 4644 1432 4720 προςεσήμαινον

235 4735 383 4780 correctum
402 4729 431 4780 in
449 4731 541 4782 codice
560 4738 612 4793 est3
632 4734 663 4787 ci.
680 4733 759 4785 etiam
777 4751 803 4802 p.
826 4748 856 4798 19
876 4752 935 4788 ann.
958 4750 969 4787 1
991 4753 1079 4804 supra.
