3490 5286
750 347 959 405 ..39-

354 520 560 578 Transeamus
587 521 629 578 ad
655 520 781 576 alteram
810 515 990 591 particulam
1018 533 1080 591 qua
1106 516 1269 576 nonnullas
1291 525 1454 576 structuras

190 619 192 626 ’
257 631 288 681 et
310 622 513 698 proprietates
533 620 686 696 scriptoris
703 618 887 694 syntacticas
909 625 1039 676 tractare
1063 617 1136 675 mihi
1151 620 1305 694 proposui.
1334 619 1453 678 Tamen

256 741 335 800 quae
363 723 422 781 huc
445 721 569 799 iaciunt,
597 738 752 797 perpauca
778 726 850 778 sunt
872 736 930 776 nec
952 736 1083 793 magnae
1115 718 1261 780 utilitatis,
1306 719 1453 778 Nimirum

257 824 438 891 Antoninus,
462 841 553 898 quem
576 822 606 880 in
622 822 721 880 verbis
737 837 904 894 eorumque
926 819 1030 878 formis
1053 837 1145 894 quam
1166 820 1297 878 maxime
1316 822 1454 880 obsoleta

255 932 286 982 et
312 924 473 984 recondita
503 931 644 999 captasse
671 920 882 987 intelleximus,
910 921 1044 996 syntaxis
1071 921 1189 978 ratione
1212 921 1287 979 satis
1310 923 1453 980 modeste

255 1043 288 1084 se
309 1026 389 1102 gerit
410 1041 510 1102 neque
539 1024 634 1082 multa
656 1039 736 1098 quae
761 1020 975 1079 observatione
998 1022 1057 1079 sint
1081 1022 1176 1096 digna
1197 1022 1334 1098 praebet.
1378 1021 1452 1080 Uni·

254 1145 339 1186 verse
354 1146 427 1184 vero
440 1125 629 1184 Antoninum
643 1143 753 1184 vacare
776 1123 970 1180 barbarismis
994 1124 1209 1182 contendimus
1220 1118 1242 1194 ¹,
1266 1141 1451 1201 quamquam

254 1227 285 1286 in
307 1227 432 1303 singulis
455 1228 544 1286 rebus
567 1225 738 1285 delabentis
752 1223 935 1282 Graecitatis
951 1223 1062 1282 indicia
1083 1223 1364 1300 deprehenduntur.
1393 1226 1452 1284 Im·

254 1328 356 1403 primis
378 1327 438 1386 hue
464 1327 562 1386 refero
584 1321 735 1403 εἰρομένην
763 1343 843 1401 quae
869 1335 995 1384 vocatur
1017 1344 1036 1382 a
1057 1325 1262 1400 grammaticis
1284 1319 1368 1398 λέξιν,
1392 1344 1453 1403 qua

255 1429 392 1505 singulae
414 1429 493 1486 inter
507 1447 540 1486 se
563 1427 789 1486 enuntiationes
809 1427 922 1486 rustica
944 1443 1168 1502 saepenumero
1190 1434 1223 1484 et
1244 1426 1312 1485 rudi
1334 1427 1453 1486 ratione

254 1526 451 1606 iunguntur2.
497 1528 592 1600 Quod
612 1530 759 1604 loquendi
782 1547 880 1604 genus
903 1529 945 1587 ita
963 1545 982 1584 a
1005 1527 1153 1605 scriptore
1177 1527 1396 1602 frequentatur,
1420 1537 1454 1587 ut

254 1631 438 1706 aliquotiens
460 1625 504 1706 (p.
517 1646 618 1706 211,9
631 1647 689 1705 sq.;
713 1631 753 1692 ib.
771 1645 808 1688 22
822 1645 879 1706 sq.;
905 1644 974 1703 225,
990 1644 1027 1701 25
1040 1645 1101 1705 sq.;
1126 1627 1197 1706 228,
1211 1644 1251 1702 24
1263 1622 1342 1705 sqq.)
1364 1628 1450 1705 quin·

255 1751 314 1809 que
337 1733 484 1808 deinceps
505 1732 622 1790 habeas
639 1732 730 1790 verba
751 1731 836 1788 finita
859 1725 1072 1806 quadruplici³
1095 1727 1144 1788 καί
1166 1730 1245 1789 inter
1266 1748 1299 1788 se
1323 1747 1451 1793 conexa.

255 1834 279 1890 F
281 1833 446 1892 oedissima
472 1841 576 1890 tamen
604 1832 739 1890 omnium
764 1832 823 1890 hoc
844 1831 970 1890 nomine
991 1840 1063 1890 sunt
1084 1831 1162 1890 haec
1183 1850 1213 1906 p.
1240 1830 1309 1900 206,
1333 1830 1372 1888 26
1388 1848 1451 1907 sq.:

255 1917 335 2004 οὗτος
355 1927 506 2010 ἐβασίλευε
590 1930 640 1990 καί
661 1925 770 2010 ἐγένετο
793 1927 901 2002 δίκαιος
926 1928 976 1990 καί
998 1920 1132 2004 ττλοίσιος
1151 1930 1200 1990 καὶ
1223 1925 1299 2002 ὅσιος
1318 1929 1368 1989 καί
1389 1925 1452 2008 ίερὰ

255 2034 372 2092 πλεῖστα
392 2029 526 2110 ἐποίησεν
536 2026 706 2109 Ἀπόλλωνι,
728 2028 809 2103 δίκας
829 2051 857 2091 τε
884 2027 1015 2103 πλείστας
1035 2027 1158 2106 ἐδίκασε,
1180 2031 1230 2092 καί
1251 2026 1340 2094 αὐτὸν
1362 2027 1451 2109 ἐμέμ-

255 2146 334 2208 ψατο
357 2129 514 2212 ἄνθρωπος
530 2128 631 2211 οὐδείς,
651 2129 725 2192 ἀλλὰ
740 2121 861 2192 ἑκόντων
877 2128 972 2211 ἠγεῖτο
991 2129 1104 2192 πάντων
1124 2133 1174 2192 καί
1196 2130 1268 2211 πρὸς
1287 2129 1453 2211 ὑπερβολὴν

255 2229 345 2293 αὐτοῦ
365 2238 421 2294 τῶν
442 2227 533 2313 ἔργων
550 2229 710 2310 μετέβαλον
731 2227 758 2293 οἱ
781 2229 932 2310 ἄνθρωποι
959 2231 1008 2306 τὰς
1028 2231 1112 2310 τιμὰς
1133 2230 1183 2294 τοῦ
1206 2231 1276 2308 Διὸς
1295 2233 1343 2293 καί
1365 2227 1451 2313 ἔγνω·

255 2355 309 2396 σαν
335 2331 423 2407 αὐτὰς
446 2325 520 2394 εἶναι
542 2331 733 2414 Περίφαντσς,
766 2334 815 2395 καί
843 2329 981 2412 ἱεράκαὶ
1007 2332 1093 2406 ναοδς
1114 2331 1252 2413 ἐποίησαν
1282 2331 1371 2393 αὐτοῦ
1403 2332 1453 2393 καί

255 2431 315 2494 Δία
346 2434 470 2514 Σωτῆρα
503 2429 732 2514 αρσςηγδρευσαν
758 2435 807 2494 καὶ
831 2431 973 2511 ’Euaimon
998 2433 1047 2495 καί
1072 2432 1235 2514 Μειλιλῑιον.
1277 2436 1313 2495 10
1343 2436 1452 2512 quibus

256 2537 426 2596 duodecies
442 2536 492 2596 καί
506 2538 643 2614 legimus.
668 2537 858 2596 Mentionem
874 2557 964 2615 porro
988 2537 1098 2598 faciam
1113 2539 1153 2596 de
1171 2539 1306 2614 quodam
1321 2537 1450 2614 particu-

256 2639 350 2698 larum
372 2658 400 2698 τε
420 2637 470 2697 καί
485 2639 569 2715 apud
581 2639 771 2697 Antoninum
793 2640 933 2715 aliosque
955 2639 1118 2716 scriptores
1140 2658 1205 2709 usu,
1220 2657 1312 2714 quem
1334 2638 1452 2696 detexit

255 2737 393 2798 Hercher
414 2738 534 2814 (Script.
556 2748 632 2799 erot.
657 2740 715 2799 vol.
739 2739 767 2798 11
789 2759 818 2816 p.
834 2740 937 2798 XXIV
954 2736 1023 2816 sq).
1068 2739 1150 2798 Usus
1173 2758 1246 2797 vero
1267 2739 1318 2796 ille
1340 2747 1395 2813 est,
1418 2747 1452 2795 ut

255 2860 282 2898 re
303 2859 367 2898 non
388 2842 430 2899 ad
451 2841 614 2917 insequens
638 2842 781 2918 nulloque
806 2842 898 2898 verbo
922 2860 940 2900 a
962 2861 991 2900 τε
1013 2842 1196 2900 disiunctum
1217 2838 1265 2900 καί
1292 2839 1451 2908 referatur,

259 2943 405 3000 sedeam
432 2943 479 3000 cui
501 2943 624 3001 adiecta
646 2951 693 3000 est
716 2961 831 3018 vocem,
853 2943 1053 3019 praecedenti
1075 2943 1222 3018 adiungat
1234 2937 1256 3000 ⁴.
1286 2941 1379 3000 Velut
1389 2940 1451 2999 An·

260 3042 378 3100 toninus
402 3061 430 3120 p.
447 3059 515 3120 221,
530 3058 567 3118 29
581 3060 626 3119 sq.
649 3043 767 3118 scripsit
789 3037 898 3121 λέγεται
911 3091 917 3104 ,
931 3091 938 3105 ,
951 3090 957 3104 .
968 3039 1178 3118 ,ιιοιισικώτατσς
1197 3037 1333 3117 γενέσθαι
1345 3089 1351 3103 .
1364 3085 1370 3100 .
1383 3087 1390 3102 .
1402 3039 1450 3099 καί

256 3138 452 3222 διαβοηθῆναι
474 3141 561 3204 καί..
574 3143 742 3204 ,συνθεῖναι
763 3142 812 3201 κατ’
827 3189 833 3203 .
848 3189 854 3204 .
867 3189 874 3204 .
888 3138 1049 3221 κεχρῆσθαι
1063 3141 1085 3220 4,
1109 3138 1227 3203 πλεῖσταί
1247 3163 1275 3204 τε
1290 3142 1340 3202 καί
1353 3138 1450 3201 κάλλι-

255 3261 306 3301 στα
319 3238 392 3322 μέλη
408 3247 520 3322 ποιῆσαι
531 3241 551 3305 5.
573 3244 746 3304 Antoninus
769 3262 841 3304 vero
865 3256 899 3302 ut
919 3246 949 3302 in
964 3245 1187 3322 coniungendis
1209 3245 1373 3304 enuntiatis
1397 3244 1449 3302 ad-

254 3345 381 3404 modum
404 3345 529 3420 simplici
558 3345 652 3404 utitur
676 3346 805 3416 ratione,
841 3347 882 3404 ita
908 3346 939 3404 in
967 3347 1102 3424 periodis
1128 3347 1201 3422 ipsis
1223 3345 1450 3404 conformandis

255 3445 423 3503 variatione
443 3462 566 3522 prorsus
590 3454 683 3505 caret.
717 3446 862 3506 Notabile
878 3456 980 3506 autern
1001 3466 1070 3508 esse
1091 3447 1189 3506 visum
1209 3456 1256 3506 est
1278 3446 1359 3516 mihi,
1375 3463 1451 3522 quo·

254 3546 332 3603 tiens
361 3540 427 3622 ἄχρι
452 3547 632 3623 particulam
661 3548 861 3624 frequentarit
889 3550 933 3608 ita
957 3558 991 3606 ut
1019 3550 1057 3608 ab
1089 3567 1127 3606 ea
1154 3549 1317 3624 apodosim
1339 3547 1451 3623 incipe·

254 3645 338 3722 ret⁶;
362 3646 399 3706 cf.
422 3667 451 3722 p.
469 3663 537 3721 203,
558 3664 608 3722 13;
634 3664 703 3727 209,
722 3664 778 3725 25;
802 3665 870 3720 210,
886 3665 915 3723 3.
937 3667 988 3725 ¹33
1013 3665 1083 3721 222,
1102 3665 1152 3724 ¹¹3
1177 3663 1245 3723 224,
1262 3663 1309 3722 25.

354 3776 422 3831 1Ci.
441 3794 494 3845 p.4
514 3794 603 3832 anna
624 3781 688 3833 diss.

351 3864 421 3919 2Cs.
442 3869 621 3922 Grundmann.
639 3869 655 3923 l.
678 3886 698 3919 c.
719 3887 744 3936 p.
761 3881 794 3934 33
815 3886 853 3938 sq.

353 3953 490 4024 8Τιτ101101
518 3959 562 4008 καὶ
592 3959 713 4026 copulata
741 3965 802 4009 sunt
832 3965 953 4026 quattuor
981 3957 1062 4009 verba
1090 3959 1162 4009 finita
1188 3957 1259 4008 haud
1285 3974 1350 4018 raro,
1379 3975 1401 4009 e.
1425 3973 1449 4020 g,

253 4060 279 4110 p.
293 4056 352 4106 209,
366 4058 396 4107 19
417 4064 475 4114 sqq.
495 4053 521 4096 et
538 4064 564 4113 p.
578 4059 637 4114 217,
653 4061 667 4113 7
688 4065 727 4115 sq.

353 4129 365 4166 t
383 4135 495 4185 Rectius
514 4135 593 4199 igitur
612 4137 738 4200 virgulam
757 4136 913 4188 delebimus.

354 4219 366 4256 5
381 4224 421 4273 De
438 4223 490 4274 hoc
509 4239 558 4273 usu
575 4225 641 4274 alibi
660 4226 794 4292 copiosius
812 4242 893 4289 agam.

354 4307 365 4345 ⁰
383 4313 478 4382 Μέχρι
497 4329 578 4380 prope
604 4315 680 4364 deest
699 4330 785 4382 neque
804 4315 900 4380 legitur
924 4315 975 4366 nisi
1001 4322 1060 4382 post
1079 4313 1183 4366 vocales
1203 4313 1360 4380 (p.211,13
1384 4312 1450 4379 ἔργα

253 4402 352 4468 μέχρις
370 4397 383 4464 ἡ
402 4409 427 4451 et
448 4418 473 4468 p.
493 4414 551 4465 213,
574 4415 604 4467 17
625 4395 742 4468 λαβόντα
761 4405 845 4472 μέχρι
868 4394 957 4470 πρός).
997 4403 1100 4454 Eodem
1128 4403 1208 4453 modo
1232 4401 1312 4452 Philo
1338 4401 1451 4450 Iudaeus

253 4487 339 4538 hiatus
364 4488 462 4538 vitandi
481 4506 558 4540 causa
576 4498 834 4557 post·consonantes
854 4483 926 4560 ι’ίχρι,
951 4499 1011 4558 post
1034 4491 1136 4542 vocales
1153 4492 1237 4560 μέχρι
1256 4489 1388 4547 adhibuit;
1417 4490 1449 4540 ci.

254 4576 411 4627 Buecheleri
432 4577 562 4629 Philonea
584 4595 649 4630 mus.
672 4579 762 4631 Rhen.
786 4596 846 4632 nov.
873 4595 922 4632 ser.
947 4580 1000 4631 vol.
1024 4581 1141 4630 XXXII
1164 4596 1189 4646 p.
1210 4591 1262 4644 434
1291 4585 1317 4628 et
1340 4578 1450 4628 Krebsii

254 4665 595 4732 Praepositionsadverbien
614 4668 640 4720 d.
661 4671 782 4734 spiteren
802 4668 862 4720 hist.
883 4669 999 4719 Gritcit'a't
1018 4676 1083 4736 part.
1096 4670 1133 4735 11,
1152 4685 1177 4735 p.
1190 4680 1214 4731 3.
