3490 5286
753 341 876 408 ...'49
922 363 959 374 ...-

262 519 357 577 tonini
380 519 626 594 quattuordecim
650 525 743 578 testes
778 527 809 576 et
832 518 1000 577 duodecim
1023 518 1245 595 inscriptiones.
1289 519 1372 596 Ergo
1405 528 1458 578 aut

263 621 425 678 scholiasta
451 621 482 677 in
506 619 663 678 Antonino
685 621 779 678 multo
803 620 927 694 segnius
950 619 1052 677 officio
1074 636 1130 676 suo
1155 619 1273 678 functus
1301 637 1371 678 esse
1404 629 1458 679 aut

261 725 326 799 ipse
349 721 521 780 Antoninus
543 721 704 796 pauciores
730 721 844 778 adiisse
868 720 970 778 fontes
994 721 1169 779 necessario
1193 723 1365 780 censendus
1398 732 1455 783 est.

262 825 323 882 Sed
345 842 419 882 ecce
445 823 556 880 eadem
590 821 678 880 nobis
702 822 907 897 discrepantia
938 839 974 878 ac
995 822 1094 880 multo
1114 823 1285 880 evidentior
1313 824 1456 899 quotiens

261 927 343 983 idem
375 927 406 982 in
439 927 535 984 altero
568 931 635 981 utro
663 923 773 980 citetur
806 923 892 979 testis
914 923 1173 997 perpendentibus
1196 924 1333 986 occurrit.
1377 924 1456 983 Nam

262 1027 347 1102 apud
369 1026 562 1084 Parthenium
583 1025 683 1082 nullus
705 1023 792 1081 testis
815 1025 883 1099 plus
919 1032 964 1081 ter
987 1019 1187 1099 nominatur1‚
1223 1025 1306 1101 apud
1329 1026 1456 1083 Antoni·

261 1147 333 1184 num
355 1146 427 1185 vero
449 1128 532 1185 solus
555 1125 710 1184 Nicander
732 1125 824 1182 vicies
846 1125 892 1182 bis
914 1133 946 1182 et
970 1126 1052 1183 solus
1068 1125 1170 1182 Boeus
1194 1126 1297 1184 decies
1306 1122 1328 1188 2.
1373 1125 1457 1198 Quid

263 1223 357 1303 ergo?
380 1229 477 1287 Aliam
500 1229 579 1285 inter
593 1225 784 1286 Antoninum
806 1233 838 1282 et
860 1225 1024 1301 scriptores
1040 1227 1158 1297 allatos,
1179 1226 1268 1284 aliam
1290 1227 1369 1285 inter
1384 1227 1457 1285 Par-

263 1329 398 1387 thenium
422 1330 548 1404 eiusque
571 1336 667 1386 testes
691 1328 838 1385 interesse
861 1326 1009 1384 rationem
1031 1345 1136 1384 nonne
1165 1328 1234 1386 luce
1258 1329 1368 1387 clarius
1391 1326 1458 1388 est?

176 1437 180 1442 “
262 1431 311 1488 An
333 1440 448 1488 temere
482 1447 519 1487 ac
554 1428 677 1487 fortuito
700 1435 931 1485 convertentem
954 1428 1091 1504 undique
1129 1427 1244 1487 fabulas
1267 1430 1457 1488 Antoninum

262 1533 367 1590 nescio
390 1550 450 1607 qno
473 1549 547 1589 casu
581 1531 612 1588 in
635 1529 870 1604 omithogoniae
892 1529 1072 1605 scriptorem
1093 1531 1286 1589 reconditum
1319 1540 1456 1607 poetam·

262 1651 321 1708 que
346 1633 572 1709 Colophonium
595 1632 728 1690 maxime
751 1630 895 1689 incidisse
919 1627 1103 1705 largiemur?

360 1736 402 1793 At
434 1754 475 1793 ne
502 1735 575 1810 quid
599 1733 710 1792 callide
732 1733 890 1790 simulasse
914 1733 1079 1810 videamur,
1108 1750 1183 1791 sane
1205 1734 1309 1791 Boeus
1331 1735 1426 1792 semel
1435 1730 1456 1809 3,

261 1835 415 1894 Nicander
437 1846 540 1895 autem
563 1829 682 1892 sexies*
704 1852 767 1890 non
790 1833 895 1890 unicus
930 1835 987 1890 sed
1010 1833 1191 1892 coniunctus
1215 1852 1284 1892 cum
1306 1836 1372 1893 aliis
1395 1836 1456 1892 lau-

261 1939 351 1996 datur
371 1939 468 1997 testis.
512 1936 630 1993 Tamen
653 1952 706 1992 cur
726 1934 775 1992 hic
791 1949 916 2010 quoqne
931 1932 1079 1991 Nicandri
1101 1943 1133 1992 et
1157 1935 1234 1993 Boei
1256 1937 1384 1994 existam
1406 1955 1457 1994 as·

260 2048 365 2108 sertor,
389 2039 499 2110 dicam.
543 2034 614 2093 Uno
635 2053 697 2112 quo
721 2035 881 2093 socordius
911 2034 1076 2092 scholiasta
1104 2054 1168 2092 rem
1189 2037 1283 2112 gessit
1313 2038 1383 2095 loco
1405 2055 1456 2094 ex-

261 2135 378 2214 cepto5
405 2147 519 2215 poetae
541 2138 581 2196 illi
602 2155 713 2212 agmen
742 2136 854 2213 ubique
876 2132 1023 2196 ducuntss.
1067 2135 1139 2208 Quo
1162 2139 1285 2196 nomine
1307 2139 1380 2197 illud
1403 2140 1456 2196 im-

261 2240 363 2314 primis
386 2259 405 2298 a
428 2256 490 2316 quo
513 2235 630 2316 supra⁷
651 2238 781 2315 profecti
803 2255 906 2296 sumus
923 2239 1070 2296 scholium
1086 2239 1285 2315 conspicuum
1308 2248 1365 2299 est.
1396 2238 1458 2297 Ne·

262 2357 322 2416 que
357 2341 436 2398 enim
458 2342 645 2417 persuadere
679 2341 751 2399 mihi
772 2357 898 2417 possum
934 2339 1058 2398 fortuito
1082 2349 1207 2416 poetam
1230 2339 1456 2416 Colophonium

261 2443 389 2517 primum
417 2442 556 2500 obtinere
578 2443 687 2516 locum,
721 2442 958 2500 vetustissimum
986 2450 1089 2498 autem
1111 2441 1282 2499 Hesiodum
1304 2441 1455 2515 posterio-

260 2539 353 2602 rem8.
375 2541 571 2618 Quamquam
593 2549 698 2600 cetera
719 2560 780 2618 qua
803 2543 871 2617 lege
894 2543 935 2600 ibi
959 2560 992 2600 se
1014 2542 1167 2618 excipiant
1188 2543 1323 2610 nomina,
1346 2542 1457 2599 diiudi-

367 2814 557 2886 1Apollonius
571 2815 698 2868 Rhodius
717 2814 801 2883 (labb.
821 2827 843 2876 1,
865 2827 906 2876 11,
926 2813 980 2884 28),
995 2815 1150 2881 Euphorion
1170 2813 1255 2881 (labb.
1280 2825 1319 2877 13,
1339 2814 1382 2880 26,
1401 2814 1455 2881 28),

259 2906 424 2973 Phylarchus
442 2905 526 2976 (labb.
549 2917 588 2971 15,
609 2916 651 2970 25,
672 2902 727 2972 31).
1454 2965 1456 2972 y

358 2991 370 3029 ²
392 2995 549 3046 Knaackius
569 2995 588 3044 l.
607 2995 625 3046 l.
644 3006 705 3060 p.9
735 3008 872 3060 perperam
895 2993 996 3042 Boeum
1021 2991 1104 3043 octies
1128 2992 1256 3060 appellari
1284 2991 1361 3056 dicit;
1385 2991 1456 3040 inve·

258 3081 327 3132 nitur
346 3083 415 3131 enim
435 3084 468 3132 ad
486 3084 558 3134 sabb.
577 3095 603 3149 3,
623 3095 647 3147 5,
669 3096 692 3149 7,
713 3095 754 3143 11,
776 3092 815 3146 15,
839 3082 883 3142 16,
903 3093 935 3150 2¹2
954 3097 983 3132 ac
1003 3081 1126 3146 deinceps
1145 3087 1206 3133 tres.

358 3167 369 3203 ³
386 3173 418 3220 In
437 3169 489 3224 sab.
509 3184 543 3221 20
562 3187 620 3222 curn
640 3171 748 3221 Simmia
765 3171 886 3223 Rhodio.

355 3256 432 3309 lAd
449 3259 521 3312 sabb.
541 3273 567 3322 4,
590 3272 631 3326 ro,
653 3273 693 3320 12,
713 3271 755 3323 23,
778 3271 822 3327 25,
841 3271 884 3324 35.

357 3345 369 3382 ⁵
386 3348 432 3398 Ad
451 3348 506 3401 lab.
517 3359 560 3413 35,
579 3363 657 3415 quam
676 3354 764 3398 tamen
783 3355 921 3416 propterea
943 3346 1262 3414 eMenecratisLyciacis
1281 3347 1358 3414 (quae
1369 3345 1456 3412 priora

258 3434 410 3505 afferuntur)
428 3444 575 3504 excerptam
595 3451 655 3486 esse
671 3451 730 3485 cum
750 3436 914 3489 Schneidero
933 3437 952 3488 l.
970 3437 988 3488 l.
1008 3453 1033 3502 p.
1049 3437 1082 3488 66
1102 3436 1257 3486 concludere
1276 3436 1370 3502 nolim3
1390 3436 1456 3485 odo·

258 3539 345 3572 ramur
369 3526 455 3590 potins
474 3526 629 3576 scholiastae
654 3524 854 3589 neglegentiam,
880 3525 925 3591 qni
951 3540 984 3575 ne
1008 3525 1113 3575 titulum
1139 3523 1246 3590 quidem
1269 3525 1401 3574 addiderit
1424 3523 1456 3572 li·

259 3612 366 3662 brorum
384 3613 520 3669 Nicandri.

359 3697 476 3752 6Βοειιε
495 3704 549 3754 fab.
569 3716 617 3770 203
634 3701 769 3754 Nicander
791 3703 862 3755 labb.
881 3718 907 3767 4,
930 3715 971 3764 10,
993 3715 1035 3770 12,
1054 3713 1096 3765 23,
1117 3713 1159 3767 25.

358 3784 427 3840 ⁷Cf.
446 3807 463 3857 p
484 3803 519 3855 44
540 3793 602 3844 diss.

357 3873 608 3932 8Wilamowitzius
632 3897 694 3932 sane
718 3880 774 3933 l.1.
801 3881 953 3932 inveniendi
982 3880 1062 3930 sontis
1087 3894 1191 3930 ornnem
1210 3879 1338 3945 praecidit
1365 3895 1453 3946 spem:

258 3962 351 4017 ‘Wem
381 3968 426 4018 die
453 3969 607 4032 geschichte
629 3970 675 4020 des
703 3970 855 4020 Antoninus
881 3969 1010 4033 angehbrt
1038 3969 1072 4018 ist
1100 3967 1168 4019 auch
1196 3967 1269 4017 nicht
1296 3967 1392 4018 einmal
1422 3983 1453 4016 zn

259 4055 365 4116 nissam
386 4057 456 4108 Ovid
475 4059 595 4120 (Metam.
613 4057 653 4128 II)
671 4059 726 4109 und
746 4059 793 4110 der
811 4057 979 4108 homerische
992 4057 1219 4124 Hermeshymnus
1238 4053 1299 4124 (sed
1317 4062 1409 4106 neuter
1427 4056 1455 4104 in

259 4143 357 4218 scholio
378 4145 511 4214 laudatur)
530 4147 650 4198 weicheri
670 4149 750 4212 grade
769 4148 797 4198 in
814 4147 875 4197 dem
887 4145 1065 4210 wichtigsten,
1085 4145 1144 4196 dem
1162 4145 1258 4211 locale,
1277 4145 1319 4195 ab.
1356 4159 1455 4193 ausser·

258 4231 318 4280 dem
338 4234 429 4286 stehen
447 4236 474 4286 in
493 4235 553 4286 dem
573 4236 670 4302 capitel
689 4237 737 4286 des
756 4235 910 4286 Antoninus
932 4235 1002 4284 noch
1020 4250 1087 4298 gana
1103 4235 1200 4284 andere
1220 4233 1309 4300 dinge,
1328 4231 1454 4286 audie

257 4319 328 4371 liebe
347 4323 394 4373 des
407 4323 528 4391 Apollon
547 4340 579 4374 zu
592 4326 757 4392 Hymenaios
775 4325 830 4376 und
843 4324 901 4375 eine
919 4323 980 4374 sehr
999 4323 1067 4373 nach
1087 4323 1140 4373 den
1152 4324 1241 4373 Eoeen
1260 4321 1454 4373 schmeclxende

257 4409 411 4476 genealogie
434 4429 475 4463 am
495 4409 613 4478 anfang'.
651 4414 720 4464 Mihi
745 4429 808 4464 vero
836 4428 867 4462 ea
891 4413 949 4479 ipsa
968 4427 1036 4484 quae
1063 4427 1078 4462 a
1104 4412 1159 4462 viro
1180 4426 1282 4460 summo
1302 4409 1373 4460 velut
1392 4409 1454 4458 alie-

256 4499 363 4550 nissima
392 4503 626 4569 reprehenduntur,
655 4502 820 4569 potissimum
838 4501 1001 4552 Nicandrum
1020 4499 1143 4550 redolere
1171 4499 1301 4550 videntur.
1338 4498 1391 4548 Sed
1420 4497 1454 4547 de

255 4587 297 4637 his
316 4589 392 4641 infra.
429 4591 516 4640 Etiam
535 4593 606 4658 apud
623 4592 792 4642 Parthenium
811 4597 946 4658 poetarum
967 4591 1074 4641 nomina
1097 4604 1152 4640 non
1171 4588 1228 4639 sine
1247 4587 1358 4638 consilio
1384 4587 1453 4636 ordi·

255 4685 315 4727 nata
339 4685 406 4746 sunt,
433 4678 506 4728 velut
522 4679 682 4746 Apollonius
707 4677 772 4746 (lab.
796 4693 805 4729 1
829 4687 855 4731 et
876 4681 917 4746 ιι)
941 4687 966 4730 et
985 4679 1102 4746 Cephalo
1122 4675 1187 4746 (lab.
1206 4692 1222 4742 4
1243 4684 1268 4727 et
1286 4673 1333 4744 34)
1350 4675 1396 4725 ubi
1417 4674 1453 4724 le·

1237 4780 1253 4832 4
