3490 5286
867 1195 913 1266 ΙΙΙ

393 1429 508 1484 Fontes
530 1428 612 1485 unde
637 1426 770 1484 hauserit
791 1427 964 1484 Antoninus
985 1428 1158 1502 quicunque
1180 1427 1361 1504 investigare
1382 1430 1484 1486 stude·

290 1531 341 1602 bit,
366 1549 385 1588 a
409 1529 532 1586 testium
554 1529 692 1586 indiculis
722 1529 753 1585 in
774 1529 911 1604 margine
935 1529 1049 1586 codicis
1071 1528 1199 1585 Palatini
1222 1531 1264 1586 ad
1287 1530 1419 1603 singulas
1442 1528 1456 1585 l
1474 1560 1485 1571 ·

291 1631 375 1688 bulas
398 1629 534 1703 ascriptis
557 1647 620 1685 non
642 1630 792 1704 proficisci
813 1648 875 1687 non
889 1630 1011 1705 poterit.
1038 1630 1092 1686 Illa
1108 1638 1210 1687 autem
1228 1631 1401 1687 testimonia
1423 1647 1486 1687 non

290 1732 348 1806 ipsi
369 1729 508 1806 Liberali,
532 1730 608 1788 sicut
631 1731 683 1788 viri
707 1731 792 1789 docti
813 1733 854 1789 ad
875 1749 969 1788 unum
992 1748 1098 1786 omnes
1121 1730 1192 1787 olim
1213 1737 1407 1805 putaverunt,
1430 1731 1487 1789 sed

291 1831 410 1889 erudito
432 1839 465 1888 et
486 1839 606 1888 vetusto
628 1831 735 1889 deberi
757 1831 968 1906 interpolatori
990 1830 1127 1888 Hercher
1155 1839 1217 1889 tam
1244 1831 1334 1889 certis
1357 1831 1486 1888 subinde

290 1932 500 2007 comprobavit
522 1933 708 2006 argumentis
731 1940 761 1989 et
783 1933 870 1990 evicit
882 1928 904 2005 1,
926 1940 959 1989 ut
979 1934 1020 1989 de
1043 1932 1101 1990 hac
1123 1951 1155 1989 re
1177 1949 1217 1989 ne
1240 1934 1346 1990 umbra
1362 1932 1485 2010 quidem

291 2033 421 2109 supersit
443 2033 640 2092 dubitationis
653 2032 673 2094 ².
721 2035 895 2110 Antequam
918 2053 991 2110 ergo
1014 2036 1054 2091 de
1076 2035 1195 2092 ratione
1218 2053 1299 2110 quae
1322 2035 1400 2092 inter
1423 2033 1485 2091 Au-

293 2135 430 2191 touinum
459 2135 683 2210 scriptoresque
714 2144 748 2191 ut
760 2141 917 2194 'auctores
947 2135 1053 2193 allatos
1076 2136 1256 2204 intercedat,
1281 2136 1391 2193 certius
1412 2135 1487 2192 iudi·

292 2255 363 2294 care
376 2237 536 2312 possimus,
560 2239 600 2294 de
619 2236 863 2295 testimoniorum
886 2237 1001 2312 origine
1024 2238 1064 2294 de
1080 2236 1140 2294 fide
1156 2237 1329 2294 litteratoris
1346 2236 1486 2294 consilio·

294 2354 354 2413 que
377 2355 559 2414 quaeramus
586 2354 714 2395 necesse
742 2346 798 2396 est.
843 2337 944 2410 Quam
969 2337 1181 2411 quaestionem
1208 2338 1298 2395 latius
1319 2346 1425 2412 patere
1448 2337 1487 2394 vi-

294 2439 400 2495 demus
423 2439 574 2516 altiusque
596 2439 798 2515 repetendam
814 2455 891 2505 esse,
913 2429 1164 2516 quandoquidem
1178 2437 1342 2495 slmillimos
1365 2436 1488 2495 testium

292 2538 409 2596 indices
438 2539 563 2614 singulis
592 2539 745 2598 Parthenii
777 2538 925 2614 capitibus
953 2538 983 2595 in
1012 2539 1122 2597 eodem
1149 2538 1257 2596 codice
1283 2540 1395 2597 eadem
1424 2537 1487 2596 lere

295 2641 413 2698 ratione
440 2641 589 2718 praefixos
617 2659 653 2698 ex
682 2643 792 2699 eadem
819 2641 969 2715 prodiisse
995 2639 1116 2697 officina
1143 2642 1309 2698 admodum
1331 2640 1487 2715 probabile

295 2749 342 2797 est
355 2736 377 2802 ³.
423 2741 523 2817 Atque
546 2743 586 2800 de
612 2741 735 2800 scholiis
758 2741 969 2799 Parthenianis
992 2740 1131 2799 Rohdius
1160 2741 1203 2798 vir
1227 2741 1487 2815 ingeniosissimus

294 2842 354 2902 11.
386 2860 416 2917 p.
440 2857 496 2914 115
520 2861 590 2900 ann.
616 2858 632 2899 2
664 2842 759 2900 fusius
787 2842 850 2916 egit
872 2841 1152 2918 demonstravitque
1173 2841 1233 2899 fide
1256 2851 1362 2900 nostra
1383 2843 1489 2918 utique

292 2942 386 3018 digna
409 2960 486 3013 esse,
520 2952 553 3000 ut
580 2944 620 3000 de
649 2942 706 3001 illis
730 2944 985 3017 supersedeamus
1009 2941 1156 3002 oratione.
1200 2941 1394 3020 Quamquam
1416 2962 1487 3002 vero

293 3045 334 3102 de
358 3043 572 3102 Antoninianis
595 3045 718 3102 scholiis
741 3046 822 3102 idem
848 3045 1047 3102 statuendum
1069 3061 1138 3101 esse
1153 3062 1243 3103 nemo
1266 3062 1328 3102 non
1349 3047 1487 3122 protinus

292 3147 520 3204 contendet-
546 3145 683 3221 dixitque
706 3145 844 3221 praecise
859 3144 999 3202 Rohdius
1022 3175 1061 3184 -
1085 3152 1188 3203 tamen
1209 3146 1346 3204 nonnulli
1368 3156 1485 3206 restant

292 3245 422 3320 scrupuli
455 3264 532 3321 quos
566 3246 714 3304 removeri
748 3253 878 3321 oportet.
923 3244 993 3302 Duo
1030 3245 1109 3304 enim
1148 3256 1296 3322 quantum
1331 3249 1395 3307 scio
1429 3250 1488 3308 loci

292 3357 364 3406 sunt
390 3327 498 3424 quihus
525 3349 699 3408 litteratoris
726 3349 818 3406 fidem
846 3349 1018 3425 ponderare
1040 3358 1072 3408 et
1093 3351 1265 3408 examinare
1291 3351 1389 3412 liceat.
1434 3352 1484 3409 Ad

292 3449 425 3507 fabulam
452 3451 598 3509 Antonini
629 3450 804 3524 vigesimam
831 3457 950 3506 sextam
972 3466 1052 3524 quae
1075 3459 1124 3507 est
1145 3452 1185 3507 de
1207 3450 1296 3527 Hyla,
1325 3451 1488 3510 scholiasta

291 3551 449 3608 annotavit
470 3544 578 3628 ἱστορεῖ
597 3546 760 3627 Νίκανδρος
784 3542 1003 3625 ἓτεροιουμένων
1024 3537 1063 3609 δ’.
1108 3549 1201 3625 Atqui
1223 3551 1344 3610 evolvas
1368 3570 1485 3628 quaeso

292 3651 445 3726 Apollonii
467 3651 580 3710 Rhodii
602 3651 716 3710 scholia
738 3651 760 3727 1,
789 3665 823 3706 12
827 3648 867 3722 36
893 3644 1045 3727 Θεόκριτος
1066 3646 1099 3709 ἐν
1119 3653 1175 3721 τοῖς
1190 3649 1376 3724 Βουκολικοῐς
1396 3649 1428 3712 ἐν
1449 3655 1488 3737 τῷ

285 3747 361 3833 Ὓλᾳ
392 3748 615 3836 ἐπιγραφομένῳ
644 3741 703 3810 ὑπὸ
733 3755 833 3810 πασῶν
859 3741 945 3830 φησιν
970 3745 1057 3810 αὐτὸν
1085 3753 1140 3808 τῶν
1167 3753 1291 3831 νυμφῶν
1323 3746 1486 3831 ἡρπάσθαι.

286 3849 407 3924 ’Omma
428 3849 459 3913 δὲ
480 3850 513 3913 a'v
534 3849 573 3938 τῷ
596 3848 624 3911 α’
647 3847 911 3930 τῶνἈμαζονικῶν
933 3847 1056 3910 πεσόντα
1077 3847 1125 3910 τὸν
1142 3845 1232 3911 Ὕλαν
1254 3851 1341 3934 φησὶν
1360 3841 1486 3930 ὑποβρύ-

287 3974 352 4031 χιον
376 3948 521 4033 γενέσθαι.
568 3951 633 4012 Καὶ
655 3949 820 4031 Νίκανδρος
845 3949 876 4012 a'v
903 3955 942 4038 τῷ
972 3946 1093 4036 δευτέρῳ
1115 3955 1170 4010 τῶν
1190 3947 1409 4031 ἓτεροιουμὲνων
1429 3949 1487 4013 ὑπὸ

363 4183 374 4222 ¹
393 4187 464 4236 Vide
484 4187 576 4252 philol.
592 4189 646 4237 VH
663 4203 688 4253 p.
698 4189 759 4250 462,
780 4187 867 4238 Iahnii
882 4187 966 4238 annal.
980 4186 1107 4236 LXXXI
1126 4203 1150 4252 p.
1167 4197 1229 4252 452,
1242 4187 1381 4254 praecipue
1395 4191 1486 4242 Herm.

292 4276 349 4325 XII
368 4291 393 4340 p.
407 4275 458 4339 306
469 4291 507 4340 sq.
528 4275 709 4326 Assenserunt
725 4276 877 4326 Meinekius
896 4274 990 4341 philol.
1009 4274 1081 4323 XIV
1099 4291 1124 4341 p.
1145 4287 1160 4339 7
1180 4282 1206 4324 et
1225 4275 1351 4326 Rohdius
1370 4277 1397 4327 in
1417 4278 1486 4328 libro

291 4364 427 4430 praeclaro
446 4360 561 4416 ‘Griech
580 4363 699 4416 Roman'
714 4381 739 4432 p.
763 4378 820 4426 114.

390 4449 550 4504 2Hercheri
570 4455 724 4505 sententiam
743 4455 962 4520 impugnaverunt
980 4452 1128 4504 Schneider
1151 4454 1179 4502 in
1199 4455 1240 4505 ed.
1259 4453 1385 4503 Nicandri
1408 4470 1433 4518 p.
1452 4467 1485 4519 27

292 4557 351 4594 ann.
374 4555 384 4591 1
407 4550 433 4592 et
451 4543 578 4606 Bergkius
598 4543 712 4594 ‘Griech
732 4537 1033 4606 Litteraturgeschichte‘
1054 4543 1107 4593 vol.
1124 4543 1138 4591 I
1157 4558 1182 4606 p.
1203 4554 1262 4605 233.

393 4627 404 4665 ³
428 4631 468 4684 Cf.
490 4631 618 4682 Hercheri
639 4633 693 4685 l.1.
714 4649 739 4698 p.
760 4644 824 4696 3073
854 4632 887 4681 de
911 4630 1146 4681 Parthenianarum
1170 4630 1357 4697 ascriptionum
1385 4627 1486 4692 origine

293 4735 382 4770 verum
399 4722 465 4772 vidit
483 4722 541 4788 ipse
564 4721 682 4772 Cobetus
702 4737 753 4773 var.
773 4721 834 4771 lect.
854 4720 896 4772 ed.
915 4736 966 4773 sec.
986 4737 1011 4786 p.
1027 4731 1087 4783 203.
