3490 5286
776 342 984 400 ..4,-

382 514 491 572 Rarius
505 508 571 591 ἄχρι
584 514 615 571 12
630 512 745 589 protasi
759 511 867 587 legitur
881 512 963 570 velut
976 529 1005 587 p.
1020 527 1088 586 210,
1102 526 1141 586 24
1157 519 1189 570 et
1207 511 1274 582 228,
1288 528 1321 569 21
1340 509 1359 571 ¹.
1383 512 1475 572 Cete-

286 634 351 673 rum
364 628 398 673 nt
413 617 508 674 levius
525 616 639 690 aliquid
660 615 818 690 attingam,
833 609 899 690 ἄχρι
913 614 1039 671 formam
1062 621 1134 671 ante
1149 623 1356 674 consonantes
1377 616 1480 691 posuit

286 717 458 776 Antoninus
467 733 474 786 ;
492 716 528 775 cf.
541 735 570 793 p.
585 731 654 787 210,
668 733 696 790 3.
710 731 762 788 24,
781 729 894 788 222,3;
912 729 980 790 223,
996 729 1049 787 23,
1066 714 1136 792 228,
1150 731 1202 784 213
1220 731 1290 790 229,
1303 715 1337 785 6;
1355 731 1424 789 232,
1440 714 1478 772 26

283 828 315 877 et
342 837 463 895 semper
491 813 556 896 ἄχρι
583 820 647 890 νῦν,
674 818 744 875 vide
775 817 924 893 exempla,
956 833 1037 891 quae
1063 817 1150 875 attuli
1176 832 1245 893 p.5
1274 817 1363 886 diss.;
1400 811 1480 895 ἄχρις

283 927 354 977 ante
388 919 511 977 vocales
544 937 574 994 p.
599 933 669 992 203,
695 934 730 991 23
759 925 790 974 et
822 934 852 991 p.
880 932 949 990 209,
972 931 1009 991 25
1023 913 1045 976 2.
1100 917 1209 994 Itaque
1236 918 1353 992 corrige
1385 919 1478 976 sodes

284 1039 314 1096 p.
329 1035 398 1089 222,
416 1037 448 1077 rr
467 1014 532 1096 ἄχρι
554 1013 639 1088 αὐτὸς
653 1027 684 1076 et
697 1037 728 1094 p.
747 1033 815 1093 211,
830 1031 866 1075 22
884 1011 962 1094 ἄχρις
982 1012 1053 1093 πρὸς
1073 1018 1102 1076 in
1125 1013 1204 1096 ἄχρις
1223 1014 1310 1089 αὐτὸς
1322 1027 1353 1076 et
1368 1019 1399 1077 in
1414 1013 1480 1096 ἄχρι

284 1116 356 1198 πρός
368 1117 396 1179 ³.
435 1119 591 1192 Quoniam
624 1127 727 1176 autem
759 1117 820 1175 iarn
853 1135 944 1192 supra
975 1115 1134 1176 vidimus4
1165 1119 1355 1177 Antoninum
1387 1121 1480 1178 etiam

285 1221 529 1299 praepositiones
563 1230 636 1279 ante
669 1220 793 1279 vocales
822 1220 945 1288 elidere,
975 1219 1136 1278 arbitretur
1169 1220 1297 1280 fortasse
1328 1222 1479 1298 quispiam

285 1323 410 1382 omnino
434 1321 550 1380 hiatum
570 1321 610 1379 ab
633 1337 671 1378 eo
696 1319 822 1378 vitatum
845 1337 923 1379 esse.
968 1320 1087 1379 Tamen
1109 1322 1219 1380 vitatus
1242 1331 1381 1382 nonest.
1417 1322 1479 1381 Ob·

285 1433 425 1500 strepunt
447 1425 519 1498 ‘plus
547 1422 770 1498 quinquaginta
798 1421 946 1497 exempla,
977 1439 1055 1496 quae
1082 1423 1185 1481 omnia
1207 1442 1365 1482 removere
1391 1424 1479 1482 nimis

286 1525 478 1584 temerarium
506 1521 621 1584 essert.
666 1524 767 1582 Etiam
794 1541 833 1580 ex
860 1522 918 1581 hac
945 1542 978 1581 re
1005 1524 1120 1599 aliquid
1147 1525 1188 1581 de
1209 1525 1355 1582 Antonini
1377 1533 1480 1582 aetate

287 1626 417 1684 fortasse
440 1625 624 1684 concludere
648 1625 726 1684 licet.
763 1624 908 1683 Nimirum
932 1625 1099 1700 sophistae,
1122 1642 1249 1702 quorum
1272 1626 1302 1683 in
1325 1643 1480 1684 numerum

286 1728 466 1803 scriptorem
487 1736 625 1786 nostrum
647 1728 754 1802 refero,
778 1735 887 1802 quarto
910 1736 942 1784 et
964 1728 1071 1802 quinto
1092 1727 1219 1786 saeculis
1235 1726 1333 1785 Cassii
1350 1725 1481 1801 Longini

286 1829 428 1902 exempla
451 1829 548 1886 secuti
570 1830 611 1887 ad
631 1847 724 1887 unum
746 1845 854 1886 omnes
877 1828 992 1886 hiatum
1011 1828 1167 1886 artissimis
1183 1828 1482 1903 circumscripserunt

286 1929 394 1986 finibus
407 1925 435 2002 6,
463 1930 546 1989 idem
568 1931 599 1989 in
621 1947 675 1988 eos
699 1930 751 2007 qui
781 1938 853 1988 ante
874 1929 1044 1987 Lucianum
1069 1930 1230 2000 florebant,
1252 1930 1349 1990 cadit:
1381 1930 1482 1987 elucet

286 2048 344 2107 ego
367 2032 479 2088 eadem
509 2033 572 2090 fere
600 2039 770 2107 temporum
797 2031 884 2101 ratio,
914 2049 1005 2106 quarn
1030 2049 1120 2107 supra
1143 2030 1187 2108 (p.
1202 2047 1240 2106 33
1265 2041 1297 2090 et
1317 2030 1371 2109 35)
1398 2049 1480 2090 com·

286 2134 433 2191 mendare
456 2133 559 2191 conati
586 2149 696 2192 sumus.

388 2377 481 2441 ῙἝως
499 2383 578 2450 plane
598 2384 671 2436 deest
689 2384 759 2450 apud
778 2383 949 2436 Antoninum.

386 2469 399 2507 ²
417 2472 513 2522 Itidem
526 2472 711 2539 Apollodorus
729 2473 757 2522 in
776 2471 940 2522 bibliotheca
957 2475 1039 2542 μέχρι
1060 2481 1084 2524 et
1103 2475 1201 2543 μέχρις
1213 2476 1360 2541 usurpavit3
1379 2492 1430 2540 qua
1451 2477 1483 2526 de

287 2576 365 2610 causa
383 2560 502 2612 Hercher
520 2575 657 2627 perperam
679 2559 815 2627 temptavit
834 2561 857 2620 1,
868 2573 918 2625 3,4
937 2562 1036 2629 μέχρις
1054 2561 1100 2626 εἰς
1121 2563 1141 2622 Ι,
1155 2571 1205 2626 3,7
1224 2563 1322 2632 μέχρις
1337 2557 1483 2629 Ἡρακλῆς,

287 2650 308 2709 Ι,
319 2661 344 2716 9,
356 2661 424 2715 21,7
442 2652 542 2719 μέχρις
553 2641 716 2719 Ἐχινάδων,
733 2649 843 2700 eandem
857 2650 966 2701 sormam
985 2651 1048 2701 alibi
1061 2652 1165 2718 saepius
1179 2651 1294 2702 revocari
1308 2667 1415 2703 necesse
1434 2660 1481 2705 est.

388 2734 460 2788 ³De
477 2732 538 2808 ἄχρι
560 2733 629 2807 πρὸς
646 2739 679 2790 ci.
699 2739 799 2790 Krebs.
819 2738 838 2791 l.
857 2755 879 2792 c.
898 2741 954 2806 1p.
977 2741 1017 2804 38.

389 2823 445 2892 Ap.
464 2839 496 2892 23
517 2829 581 2882 diss.

390 2913 402 2950 ⁵
421 2916 582 2981 Quamquam
609 2918 678 2984 apud
696 2917 875 2984 Parthenium,
901 2917 973 2968 cuius
992 2916 1096 2968 libellus
1120 2917 1183 2968 duas
1202 2924 1289 2983 partes
1309 2917 1485 2974 Antoniniani

291 3005 415 3064 continet,
440 3005 539 3056 centies
564 3005 664 3056 hiatum
689 3007 837 3072 neglectum
860 3023 918 3058 esse
946 3006 1009 3058 vidi.
1045 3006 1168 3056 Ceterum
1186 3005 1308 3072 quoniam
1327 3007 1421 3072 aliquis
1442 3023 1483 3056 me

291 3093 408 3156 argutior
427 3093 583 3159 peculiarem
603 3095 734 3160 quandam
755 3095 873 3159 regulam
901 3111 977 3161 quarn
994 3094 1144 3144 Antoninus
1172 3095 1199 3142 in
1219 3094 1382 3145 admittendo
1411 3095 1484 3145 hiatu

289 3189 393 3232 secutus
413 3182 455 3242 sit,
473 3182 585 3232 sortasse
604 3182 734 3249 dispiciet,
758 3183 844 3233 omnia
862 3183 949 3232 hiatus
974 3182 1087 3246 neglecti
1113 3182 1231 3248 exempla
1254 3199 1385 3248 apponere
1404 3184 1481 3234 iuvat.

289 3269 420 3319 Undecim
444 3271 548 3320 fabulas
574 3270 646 3321 hiatu
673 3287 757 3321 carere
782 3271 872 3321 hercle
896 3269 1069 3320 memorabile
1091 3277 1137 3322 est.
1175 3270 1241 3320 Sunt
1268 3271 1339 3322 sabb.
1359 3283 1384 3334 3,
1402 3284 1418 3333 4
1438 3270 1482 3338 (cf.

288 3370 343 3425 p.7
363 3357 446 3426 diss),
466 3372 490 3424 9,
513 3371 553 3427 14,
572 3372 615 3423 24,
635 3360 678 3424 28,
697 3373 739 3422 29,
759 3372 789 3424 31
812 3357 857 3426 (cf.
876 3377 901 3426 p.
916 3371 950 3422 24
969 3357 1045 3427 diss.)
1064 3371 1105 3424 32,
1125 3360 1167 3424 36,
1187 3371 1229 3424 37,
1257 3359 1403 3422 Neglectus
1420 3376 1483 3410 vero

289 3445 375 3498 hiatus
400 3454 440 3498 est
463 3464 488 3514 p.
511 3461 571 3509 202,
591 3461 638 3514 27,
668 3448 858 3516 202,11.18;
887 3460 947 3512 203,
969 3461 1014 3515 22,
1043 3461 1104 3515 205,
1123 3446 1187 3515 25*;
1216 3447 1483 3515 206‚11.18*.25;

290 3547 351 3599 207,
372 3535 416 3594 28;
441 3537 503 3597 208,
522 3549 547 3600 9.
568 3549 610 3589 20.
630 3549 677 3602 273
707 3548 767 3598 209,
787 3548 834 3600 32,
862 3547 921 3596 220,
942 3548 988 3603 22,
1014 3549 1074 3597 211,
1094 3549 1141 3604 2ο,
1167 3549 1228 3600 223,
1250 3537 1291 3590 18.
1308 3549 1354 3598 29,
1379 3549 1439 3600 214,
1462 3550 1484 3588 1.

291 3634 381 3686 229,
411 3625 472 3686 216,
492 3637 520 3691 5,
549 3637 610 3690 217,
630 3637 654 3676 2.
675 3623 715 3677 8*.
738 3637 777 3676 11.
799 3637 844 3691 27,
876 3625 936 3686 218,
957 3638 999 3675 21.
1019 3636 1061 3691 25.
1083 3636 1126 3691 273
1156 3637 1217 3686 220,
1238 3637 1285 3693 29,
1313 3636 1373 3686 222,
1393 3638 1417 3688 4.
1437 3627 1483 3684 26;

290 3725 351 3772 222,
372 3725 398 3772 2,
419 3725 479 3776 223,
498 3725 522 3777 7.
543 3726 589 3781 25,
610 3726 671 3777 224,
691 3727 739 3779 20,
760 3724 821 3779 225,
835 3724 881 3773 22,
902 3714 961 3774 226,
980 3712 1041 3778 27*;
1061 3714 1121 3773 228,
1137 3713 1166 3773 8,
1187 3726 1246 3777 232,
1262 3725 1285 3780 5.
1297 3717 1347 3781 26,
1366 3726 1426 3778 232,
1440 3727 1484 3779 27,

290 3815 351 3866 234,
372 3814 416 3868 24,
446 3813 506 3868 235,
530 3814 552 3852 2.
574 3815 620 3867 27,
644 3803 703 3866 236,
724 3815 747 3866 3.
769 3815 793 3867 7.
813 3802 836 3854 8.
856 3815 903 3870 24,
933 3815 994 3867 237,
1013 3815 1036 3868 7.
1060 3814 1098 3853 20.
1122 3813 1162 3851 11.
1183 3815 1229 3868 22,
1260 3805 1321 3869 238,
1343 3816 1364 3854 1.
1402 3803 1485 3854 omisi

290 3892 366 3941 locos
386 3898 474 3958 aperte
493 3897 638 3958 corruptos,
656 3892 740 3955 magis
758 3891 878 3942 minusve
898 3892 1027 3958 suspectis
1047 3890 1139 3942 addidi
1159 3891 1318 3944 asteriscum.
1341 3891 1486 3942 Praeterire

289 3980 351 4030 nolo
376 3980 475 4029 hiatum
498 3979 525 4030 ll.
543 3979 574 4031 ll.
592 3978 744 4047 plerumque
768 3987 810 4030 aut
833 3987 894 4046 post
920 3978 980 4031 ἐπεὶ
999 3985 1025 4030 et
1043 3979 1067 4031 εἰ
1085 3980 1282 4030 coniunctiones
1301 3987 1346 4029 aut
1364 3987 1424 4029 ante
1442 3979 1485 4029 vel

289 4074 350 4134 post
368 4061 448 4124 αἰιιός
465 4067 627 4135 pronominis
646 4069 743 4119 formas
767 4068 829 4132 legi.
865 4069 977 4118 Exstant
995 4083 1057 4117 vero
1083 4068 1179 4132 quibus
1199 4067 1286 4117 hiatus
1307 4068 1429 4118 consulto
1448 4068 1484 4116 vi·

290 4164 359 4208 tatus
388 4173 445 4208 esse
475 4157 578 4208 videtur
605 4157 723 4224 exempla
751 4154 797 4223 (ci.
817 4174 894 4224 supra
912 4173 938 4223 p.
959 4158 975 4206 6
995 4162 1021 4207 et
1039 4168 1073 4219 39
1097 4173 1155 4210 ann.
1176 4157 1214 4225 6),
1242 4157 1313 4206 velut
1338 4156 1484 4206 invenimus

289 4264 315 4314 p.
333 4259 422 4311 211,7
442 4244 559 4298 δίδωσιν
572 4237 698 4313 ἀπᾶγειν,
718 4261 776 4297 cum
795 4244 870 4297 dulei
889 4246 972 4296 forma
991 4262 1017 4312 p.
1036 4258 1097 4310 207,
1119 4257 1150 4311 14
1169 4247 1233 4296 alias
1253 4243 1296 4311 (cs.
1316 4263 1341 4312 p.
1356 4257 1389 4310 34
1407 4241 1485 4311 diss.)

290 4343 349 4386 ante
363 4342 537 4385 consonantes
552 4335 668 4399 legatur;
687 4352 712 4403 p.
726 4347 785 4399 237,
799 4335 830 4385 16
849 4341 956 4402 praesto
970 4327 1149 4400 22212821ἦο02
1167 4333 1219 4399 τῆς,
1231 4334 1312 4401 paulo
1325 4340 1386 4400 post
1398 4340 1484 4384 autem

290 4425 337 4492 (ib.
351 4441 374 4476 v.
392 4425 434 4487 22)
453 4415 609 4490 ἐθελήσειεν
626 4417 694 4494 ἅμα.
731 4425 830 4476 Nescio
854 4440 887 4474 an
906 4423 954 4474 bac
973 4425 1073 4474 ratione
1092 4423 1198 4474 defendi
1217 4424 1320 4490 possint
1338 4439 1363 4488 p.
1376 4421 1436 4481 228,
1450 4432 1482 4487 52

289 4514 369 4563 verba
387 4503 502 4580 ἤλλαξαν
516 4507 563 4566 ἀπ’
584 4508 744 4583 ἀνθρώπων
762 4515 799 4572 εἰς
818 4512 938 4583 δαίμονα
958 4513 1015 4580 (pro
1034 4506 1081 4564 ἄπ’
1102 4504 1261 4580 ἀνθρώπου,
1281 4511 1486 4563 sicutMuncker

290 4600 420 4669 mutavit).

389 4687 459 4743 ⁰Ci.
479 4693 511 4745 de
521 4695 648 4746 Robden.
669 4694 718 4745 ‘De
738 4693 828 4745 mundi
847 4691 989 4743 miraculis'
1007 4693 1116 4742 Bonnae
1139 4690 1204 4754 1875
1226 4707 1251 4757 p.
1264 4691 1297 4754 36
1317 4697 1343 4739 et
1361 4692 1395 4754 38
1415 4705 1470 4756 sqq.
