3490 5286
830 1179 846 1252 I

348 1410 522 1469 Antoninus
543 1419 708 1486 postquam
720 1410 966 1469 Alcidamantem
987 1409 1077 1468 filiam
1094 1427 1158 1468 non
1172 1407 1371 1466 Hermochari
1390 1409 1446 1466 sed
1459 1413 1536 1466 fabr

245 1513 295 1572 alii
317 1513 438 1572 cuidam
459 1512 491 1569 in
509 1512 734 1570 matrimonium
756 1512 831 1570 dare
854 1511 985 1570 voluisse
1008 1511 1129 1580 rettulit,
1152 1510 1252 1586 pergit
1272 1529 1302 1585 p.
1318 1525 1388 1587 202,
1405 1505 1442 1568 1¹

245 1611 294 1672 καῖ
314 1607 331 1696 ἡ
353 1615 421 1684 ταῖς
439 1606 527 1672 ἔθυεν
548 1608 581 1670 ἕν
602 1615 641 1697 api
662 1615 713 1690 τῆς
727 1607 896 1690 Ἀρτέμιδος
917 1605 998 1696 ἱερῷ·
1017 1607 1154 1690 χαλεπῶς
1175 1607 1207 1670 δὲ
1228 1605 1325 1689 φέρων
1338 1605 1444 1688 Ἑρμο-

240 1703 330 1792 χάρης
349 1710 398 1773 ἐπὶ
420 1715 459 1798 τῷ
481 1707 580 1772 τούτου
604 1710 775 1790 διαμαρτεῖν
795 1713 852 1772 κτλ.
879 1701 945 1770 ‘Ad
966 1701 1082 1771 τούτων’
1104 1713 1147 1771 ait
1162 1712 1297 1771 Kochius
1320 1709 1362 1790 (p.
1386 1729 1443 1786 104

244 1817 293 1873 ed.
317 1832 391 1874 suae
404 1811 430 1890 2)
456 1805 616 1891 ‘intellege
638 1817 689 1872 τοῦ
707 1804 949 1890 Ἀλκιδάμαντοςῖ
991 1814 1130 1890 Itemque
1148 1814 1268 1872 Bastins
1291 1812 1353 1891 (ep.
1380 1816 1443 1875 crit.

244 1919 293 1976 ed.
305 1935 363 1976 sec.
379 1936 409 1993 p.
427 1915 506 1991 105),
524 1917 575 1992 qui
590 1915 679 1974 nimis
696 1915 790 1973 dubie
804 1916 845 1998 τῷ
865 1909 965 1974 τούτου
981 1911 1149 1991 διαμαρτεῖν
1164 1915 1207 1973 ita
1222 1916 1445 1992 interpretatur,

244 2027 277 2075 ut
298 2015 349 2076 τοῦ
369 2012 602 2094 Ἀλκιδάμαντος
623 2017 787 2074 subaudito
810 2016 910 2074 dicat:
939 2003 1002 2074 ‘his
1025 2016 1201 2092 exprimitur
1215 2017 1292 2075 illius
1308 2017 1449 2092 petitioni

244 2136 307 2176 non
331 2135 400 2176 esse
425 2117 615 2176 satisfactum
637 2118 676 2175 ab
699 2105 773 2175 hoc'
795 2118 843 2175 vel
867 2105 962 2175 ‘iilum
986 2135 1048 2174 non
1070 2117 1239 2176 obtinuisse
1258 2120 1340 2194 apud
1355 2117 1447 2186 hunc,

247 2219 334 2294 quod
358 2206 498 2293 optaret’.
541 2217 632 2276 Hanc
661 2217 945 2294 interpretationem
977 2217 1169 2277 falsissimam
1191 2237 1261 2277 esse
1282 2219 1315 2276 in
1336 2226 1445 2294 aperto

248 2326 303 2375 est.
334 2319 429 2375 Immo
444 2315 615 2394 διαμαρτεῖν
640 2317 689 2376 hie
707 2327 741 2377 ut
763 2318 930 2376 sescenties
955 2307 1092 2394 ‘assequi
1113 2307 1251 2395 nequeo’
1278 2319 1445 2395 significare

248 2426 416 2478 statuamus
438 2437 566 2478 necesse
588 2428 645 2480 est.
689 2419 810 2495 Ambigi
833 2437 904 2478 vero
925 2427 1027 2496 potest
1049 2427 1083 2477 ut
1110 2421 1229 2496 opinor,
1250 2439 1323 2479 num
1344 2414 1445 2479 τοάτον

249 2528 329 2579 reete
357 2539 425 2578 sese
452 2521 573 2579 habeat.
618 2521 739 2580 Etenim
767 2538 849 2597 quae
870 2521 1063 2597 praecedunt
1086 2521 1111 2578 si
1133 2522 1319 2598 perlegimus
1343 2521 1444 2594 verba,

247 2639 415 2696 pronomen
439 2639 499 2696 quo
526 2623 689 2681 commode
709 2621 866 2691 referatur,
888 2640 952 2680 non
975 2621 1154 2693 invenimus,
1176 2640 1277 2699 eoque
1298 2622 1445 2697 interpre-

247 2730 311 2780 tum
333 2730 424 2780 natus
447 2731 492 2782 est
516 2741 607 2784 error.
642 2722 745 2796 Quare
760 2722 850 2781 istam
865 2723 1075 2782 difficultatem
1093 2724 1137 2781 sic
1150 2724 1297 2799 expedire
1314 2731 1444 2798 oportet,

247 2831 280 2882 ut
302 2819 401 2883 τοάτον
423 2824 516 2900 paulo
538 2825 752 2901 neglegentius
773 2832 804 2882 et
826 2825 997 2899 generalius
1013 2824 1128 2884 dictum
1144 2842 1213 2883 esse
1228 2825 1443 2894 existimemus

247 2924 330 2982 velut
351 2924 549 3002 Thucydides
572 2927 610 2995 ΙΙ,
628 2926 666 3002 78
690 2944 759 2985 cnm
773 2925 1006 3000 Peloponnesiis
1027 2944 1091 2984 rem
1113 2944 1176 2983 non
1200 2926 1330 2984 cessisse
1351 2925 1443 2982 tradi-

246 3024 333 3100 derit,
353 3026 453 3101 pergit
477 3022 578 3104 ἐπειδὴ
600 3024 651 3084 καῖ
672 3016 773 3086 τούτου
796 3021 958 3104 διήμαρτον
980 3026 999 3087 i.
1012 3045 1040 3088 e.
1063 3044 1133 3084 cum
1155 3025 1213 3083 hoc
1235 3025 1320 3102 quod
1339 3042 1442 3101 spera-

246 3125 332 3202 bant,
361 3125 556 3185 excidissent.
611 3126 674 3185 Sed
702 3122 803 3185 τοιῖτοο
832 3126 1087 3204 quandoquidem
1120 3125 1308 3184 subobscure
1338 3135 1445 3186 nostro

247 3225 315 3283 loco
338 3226 470 3302 positum
502 3238 558 3298 est,
590 3229 695 3286 nescio
724 3247 764 3286 an
792 3228 902 3285 rectius
929 3222 1031 3306 ταύτης
1054 3221 1248 3306 (Κτησάλλης)
1271 3228 1444 3290 scribamus

248 3324 340 3398 Quod
363 3328 388 3385 si
411 3329 465 3387 tibi
487 3329 644 3404 probetur,
662 3329 854 3404 Alciphronis
876 3328 969 3386 verba
992 3325 1054 3405 (tib.
1068 3329 1082 3385 1
1096 3346 1145 3404 ep.
1162 3324 1216 3406 29)
1238 3329 1321 3387 haud
1342 3331 1446 3406 inepte

248 3443 472 3504 comparemus:
505 3424 563 3508 ἐγὼ
587 3422 613 3487 δ
635 3425 671 3488 οὐ
700 3425 779 3507 παρά
799 3425 903 3507 μικρὸν
926 3423 1058 3508 ἡγούμην
1077 3423 1256 3508 Μενάνδρου
1278 3427 1447 3507 διαμαρτεῖν

248 3522 377 3604 ἐραστοῦ.

348 3629 443 3688 Paulo
470 3640 541 3708 post
566 3651 595 3708 p.
621 3647 734 3706 202‚4
765 3632 894 3709 legimus
922 3627 941 3711 ἦ
972 3627 1180 3705 παῖς...κατὰ
1206 3631 1290 3691 θεῖον
1317 3625 1445 3710 ἠράσθη,

250 3746 330 3805 quae
354 3730 464 3790 vitiosa
485 3740 562 3792 sunt.
607 3731 727 3809 Nempe
748 3728 821 3790 κατά
843 3732 927 3792 θεῖον
950 3751 1014 3791 non
1036 3735 1130 3790 modo
1157 3741 1191 3791 ut
1213 3731 1364 3791 Muncker
1389 3750 1446 3808 pu-

248 3831 332 3906 tavit,
356 3831 485 3891 fortasse
509 3832 617 3892 falsum
643 3842 691 3891 est
713 3829 763 3910 (ci.
784 3834 881 3896 Koch.
904 3853 934 3910 p.
955 3831 1036 3910 105),
1063 3833 1121 3892 sed
1143 3835 1266 3893 omnino
1295 3834 1368 3893 nihii
1390 3843 1447 3895 est.

248 3931 340 3992 Esset
371 3932 488 4008 aliquid
520 3929 592 3992 κατὰ
623 3930 654 3993 τὸ
685 3933 778 4004 θεῖον,
811 3944 915 3994 tamen
946 3955 987 3994 ne
1018 3936 1062 3994 sic
1095 3936 1218 4013 quidem
1246 3935 1323 3992 ullus
1354 3934 1446 3992 homo

248 4031 385 4091 Graecus
407 4033 529 4092 locutus
553 4041 609 4094 est.
645 4036 686 4093 At
701 4035 841 4094 omnibus
865 4036 1063 4095 usitatissima
1081 4044 1168 4095 erant
1185 4031 1258 4095 κατὰ
1277 4030 1375 4095 θεὸν3
1397 4035 1445 4092 vel

247 4127 319 4190 κατὰ
344 4128 418 4192 θεόν
444 4154 507 4192 τινα
536 4134 583 4192 vel
609 4133 681 4194 κατὰ
707 4131 833 4213 δαίμονα
864 4138 908 4196 vel
934 4132 1009 4197 ιιοιτοῖ
1029 4157 1092 4196 τινα
1114 4132 1249 4214 δαίμονα,
1278 4136 1446 4212 in‘quibus

347 4328 358 4366 ¹
380 4333 487 4400 Semper
508 4334 663 4401 paginarum
689 4343 716 4387 et
741 4352 862 4388 versuum
881 4353 1011 4404 apponam
1033 4352 1157 4388 numeros
1179 4336 1446 4388 Westennannianae

248 4420 382 4472 editionis.

346 4503 359 4542 2
375 4509 507 4561 Antonini
524 4512 658 4564 Liberalis
682 4513 935 4564 transformationum
958 4515 1094 4578 congeries
1120 4514 1161 4564 ed.
1180 4513 1212 4565 G.
1230 4517 1265 4566 A.
1282 4512 1364 4564 Koch
1383 4513 1446 4580 Lip-

246 4596 300 4647 siae
322 4598 398 4662 1832.

347 4682 359 4720 Β
378 4683 446 4739 κατὰ
465 4682 534 4740 θεὸν
552 4689 667 4739 coniecit
687 4690 825 4744 Muncker.

1232 4791 1243 4838 δ
