3490 5286
796 367 997 408 ...10-

303 544 361 604 est,
381 544 416 594 ut
429 536 695 612 interpolationem
710 544 845 594 statuere
865 555 956 613 quam
977 533 1205 613 corruptelaml
1226 539 1335 612 malim,
1356 555 1494 614 praeser-

306 638 357 696 tim
379 656 449 696 cum
470 638 562 714 paulo
584 646 657 713 post
678 635 720 714 (p.
735 638 804 712 208,
818 637 850 712 5)
873 639 1052 697 simillimum
1074 641 1182 699 redeat
1196 640 1346 698 emblema
1367 624 1456 698 oricoli
1478 633 1495 696 ὁ

302 732 399 815 πατὴρ
420 739 506 813 quod
526 754 590 796 non
613 735 804 797 emendarell
825 740 883 798 sed
905 739 1003 798 eicere
1024 740 1077 798 viri
1099 740 1183 799 docti
1205 741 1386 799 debuerunt.

401 839 464 898 Sed
479 839 643 898 intercedit
663 841 770 900 tertius
792 841 877 898 locus
893 841 1078 900 adulterinus
1101 861 1130 918 p.
1145 856 1215 917 207,
1232 859 1268 916 31
1293 839 1343 900 καὶ
1366 837 1382 900 ὃ
1405 838 1492 918 θερά-

302 959 365 999 πων
392 936 443 999 τοῦ
469 934 577 1012 παιδός,
613 958 705 1016 quem
726 941 888 1000 insiticium
913 957 981 1000 esse
1008 943 1104 1019 digito
1131 951 1166 1002 ut
1189 943 1232 1001 ita
1259 943 1369 1018 dicam,
1400 960 1493 1019 prava

303 1042 394 1102 sedes
419 1049 578 1102 monstrat.
622 1042 670 1101 Ab
693 1060 732 1100 eo
762 1042 853 1103 verba
881 1043 1032 1103 inculcata
1058 1054 1139 1123 sunt,
1166 1044 1218 1122 qui
1240 1045 1280 1104 de
1300 1044 1386 1121 pueri
1407 1043 1494 1119 pedi·

303 1161 400 1219 sequo
423 1139 473 1220 (cl.
488 1162 518 1219 p.
537 1143 606 1219 208,
629 1139 680 1220 10)
703 1143 778 1222 quid
800 1145 903 1205 Antho
925 1146 1056 1203 maxime
1077 1146 1267 1222 periclitante
1291 1145 1406 1221 fecerit,
1428 1163 1491 1202 non

302 1244 405 1303 referri
433 1262 525 1320 aegre
554 1245 628 1304 tulit.
671 1245 735 1304 Nos
758 1265 787 1322 p.
809 1261 877 1317 220,
899 1261 915 1322 7
939 1255 1021 1322 etp.
1044 1247 1242 1322 221‚18ubi
1268 1246 1350 1304 idem
1371 1246 1494 1325 accidit,

301 1347 327 1406 si
353 1361 575 1422 comparamus,
606 1346 781 1407 altissimum
811 1347 859 1407 hic
888 1349 928 1407 de
958 1347 1070 1407 famulo
1096 1365 1166 1408 esse
1193 1348 1347 1406 silentium
1370 1364 1493 1424 prorsus

302 1466 365 1508 non
387 1448 538 1508 miramur.
928 1523 933 1532 ι

400 1549 483 1607 Finis
510 1567 581 1608 vero
608 1548 789 1608 narrationis
815 1558 862 1608 tot
891 1550 1112 1610 additamentis
1142 1552 1189 1609 vel
1220 1552 1312 1626 plane
1334 1549 1492 1625 superfluis

303 1651 350 1708 vel
371 1668 495 1728 prorsus
517 1651 622 1710 alienis
644 1652 769 1710 obrutus
793 1661 850 1731 est,
876 1661 909 1712 ut
932 1671 969 1710 ex
991 1653 1241 1729 interpolatorum
1263 1651 1386 1710 officina
1407 1652 1493 1727 plura

302 1769 394 1828 quam
427 1770 465 1809 ex
492 1752 640 1812 Antonini
670 1753 822 1828 prodiisse
848 1754 1071 1812 constituamus
1101 1772 1229 1813 necesse
1259 1754 1305 1813 sit.
1349 1753 1418 1811 Huc
1448 1769 1492 1809 re·

302 1854 367 1912 sero
399 1872 426 1929 p.
450 1853 520 1923 208,
547 1869 584 1912 10
619 1849 703 1912 καθὰ
734 1852 784 1913 καὶ
815 1847 926 1934 πρὶνῆ
956 1856 1130 1931 μεταβαλεῖν
1162 1850 1265 1925 αὐτοὺς
1298 1848 1512 1930 ὠνομάζοντω,

302 1956 415 2015 etenim
440 1957 476 2014 iis
502 1974 581 2032 quae
610 1956 798 2032 praecedunt
818 1956 916 2014 verbis
937 1959 976 2040 τῷ
998 1951 1078 2042 αὐτῷ
1099 1952 1237 2034 ε’ποιήσαν
1259 1944 1377 2032 ιἰνὸμαιι
1398 1953 1491 2012 καλεῖ·

304 2056 376 2115 σθαι
392 2057 495 2117 omnia
508 2057 591 2116 dicta
606 2065 690 2126 sunt;
713 2057 749 2114 cf.
764 2075 793 2134 p.
810 2071 879 2126 220,
896 2074 915 2132 9
937 2052 1068 2134 ἐποίησεν
1089 2053 1195 2129 αὐτοὺς
1215 2051 1336 2135 ὄρνιθας
1355 2057 1395 2140 τῷ
1415 2049 1494 2139 αὐτῷ

302 2150 472 2235 λεγομένους
495 2152 627 2234 ὀνόματι;
649 2176 677 2233 p.
694 2172 798 2232 232,9
820 2155 869 2215 nni
891 2153 983 2234 αὐτὴν
1005 2151 1020 2217 ὅ
1046 2153 1183 2228 Ζεὺς
1201 2153 1316 2217 ἐκάλεσε
1339 2151 1493 2232 ὁμώνυμον

301 2251 374 2341 αἰτῇ
401 2253 553 2335 Euripum
584 2278 614 2336 p.
632 2257 701 2330 216,
719 2274 757 2317 22
783 2253 886 2317 Brioou
913 2254 945 2318 δὲ
970 2261 1009 2344 τῷ
1033 2253 1110 2343 αὐτῷ
1138 2253 1259 2335 ὄνόμαιι
1284 2257 1410 2316 καλεῖται
1444 2252 1494 2314 καὶ

303 2349 360 2418 ἔστι
377 2406 383 2419 .
401 2403 408 2417 .
426 2354 623 2432 ..Λευκοθέας
643 2354 733 2435 ὅρνις;
755 2379 785 2436 p.
808 2375 878 2430 212,
904 2375 938 2418 12
962 2345 1076 2437 Ἀηδὼν
1097 2355 1128 2419 δὲ
1149 2357 1198 2418 καὶ
1217 2353 1377 2429 Χελιδονίς,
1401 2350 1495 2435 ἡμὲν

305 2459 476 2538 ...θρηνεῇ
512 2457 665 2532 Χελιδονὶς
696 2457 723 2519 δ’
755 2455 864 2540 ἐγένετο
894 2456 960 2538 (ubi
993 2461 1100 2520 iniuria
1132 2461 1268 2519 nonnulli
1299 2461 1331 2518 in
1365 2458 1493 2517 brevilo-

304 2562 429 2638 quentia
444 2562 598 2639 scriptoris
614 2559 784 2638 offendere)
799 2562 854 2620 κτλ.
887 2563 933 2621 Ac
954 2581 993 2622 ne
1014 2562 1075 2621 hoc
1098 2563 1224 2639 quidem
1245 2561 1402 2620 fortuitum
1424 2576 1493 2617 esse

305 2665 408 2733 credo,
435 2664 520 2740 quod
548 2672 710 2740 utrumque
738 2664 777 2723 ab
799 2662 955 2723 Herchero
982 2664 1133 2740 sagaciter
1159 2666 1315 2722 detectum
1342 2661 1493 2721 emblema

304 2762 396 2843 (quae
411 2765 603 2823 inveniuntur
624 2784 653 2841 p.
665 2779 735 2834 201,
749 2779 788 2840 29
811 2772 843 2823 21
865 2783 893 2841 p.
909 2779 978 2840 217,
992 2761 1044 2840 29)
1060 2766 1171 2823 eodem
1186 2764 1248 2822 lere
1263 2765 1358 2822 modo
1372 2763 1493 2838 incipit:

303 2867 384 2943 prius
405 2884 424 2923 a
446 2883 522 2923 voce
543 2859 642 2944 ὥςπερ,
665 2866 816 2943 posterius
838 2886 857 2925 a
878 2854 1025 2943 καθάπερ.
1060 2864 1145 2937 Quid
1160 2866 1245 2942 quod
1266 2865 1324 2924 nisi
1345 2864 1440 2940 fallor,
1462 2864 1494 2922 in

304 2967 371 3042 ipsa
401 2966 502 3026 fabula
536 2968 665 3044 septima
696 2966 791 3027 altera
816 2967 967 3025 invenitur
990 2967 1183 3042 interpolatio
1209 2966 1315 3024 itidem
1342 2965 1495 3043 genuinae

304 3067 435 3127 orationi
451 3064 590 3127 annexa?
612 3068 691 3127 Dico
710 3069 801 3127 verba
821 3063 958 3146 καθάπερ
980 3063 1043 3126 οὐδ’
1067 3060 1082 3126 ὃ
1103 3061 1194 3138 ἄνθος
1212 3069 1250 3152 τῷ
1270 3061 1398 3150 ἒφίππῳ,
1415 3084 1494 3142 quae

305 3169 358 3227 viri
392 3169 476 3227 docti
508 3169 615 3228 frustra
649 3170 801 3229 mehercle
835 3187 941 3228 omnes
979 3168 1131 3246 explicare
1165 3169 1356 3229 studuerunt.
1411 3167 1496 3240 Quid

303 3261 428 3348 ἔφιππος
450 3269 500 3329 hic
528 3270 585 3328 sibi
609 3266 692 3329 vult?
725 3271 849 3329 Frustra
876 3269 1005 3346 quaeris.
1049 3268 1158 3346 Neque
1184 3269 1265 3327 enim
1287 3269 1390 3345 equite
1416 3285 1494 3344 opus

302 3377 349 3428 est
381 3369 432 3444 qui
465 3371 601 3448 depellat
633 3389 723 3430 avem
752 3363 892 3430 anthum:
926 3387 1016 3446 quam
1047 3371 1141 3430 etiam
1173 3371 1213 3428 ab
1238 3385 1318 3445 equo
1345 3377 1494 3446 pascente

303 3469 416 3546 depelli
447 3471 486 3531 ab
515 3472 680 3532 Aristotele
714 3473 828 3532 diserte
853 3469 1071 3531 201111111121111Β
1103 3471 1219 3549 (histor.
1245 3472 1363 3531 animal.
1385 3470 1439 3546 IX,
1464 3485 1493 3543 13

403 3709 414 3748 ¹
431 3715 521 3766 Primo
539 3716 574 3766 de
585 3707 687 3773 ’Ἀνθος
706 3713 739 3785 (ὁ
757 3708 904 3784 νεώτατος)
922 3715 970 3769 τοῦ
978 3709 1121 3770 Αὐτονόου
1142 3718 1207 3772 παῖς
1225 3714 1351 3778 cogitavi;
1370 3715 1437 3766 bene
1454 3729 1494 3765 re·

305 3804 448 3870 sponderet
466 3803 504 3856 ita
521 3804 631 3866 Erodio‚
651 3806 697 3870 qui
715 3805 766 3856 fuit
784 3801 799 3857 ὁ
818 3798 1010 3874 πρεσβύτατος.
1046 3805 1188 3856 Accedunt
1206 3803 1266 3854 2112.

402 3889 414 3928 2
431 3895 463 3944 Iu
482 3909 535 3958 quo
556 3902 620 3959 quot
638 3895 727 3954 verba,
745 3901 784 3946 tot
801 3895 897 3944 menda
914 3894 1090 3945 inveniuntur.
1126 3893 1237 3943 Pravum
1254 3885 1336 3942 αὐτοῦ
1353 3892 1426 3957 quod
1440 3907 1494 3942 uon

304 3983 393 4048 habet,
405 3999 458 4049 quo
478 3983 613 4034 commode
632 3983 770 4050 reseratum
789 3982 871 4034 falsus
890 3990 930 4034 est
948 3983 1083 4042 articulus,
1103 3997 1190 4047 neque
1207 3981 1293 4031 minus
1313 3979 1408 4030 salsum
1421 3981 1494 4046 quod

304 4063 342 4124 ὢν
359 4072 523 4138 participium
542 4073 622 4124 deest.
649 4073 711 4122 Tria
729 4072 794 4123 haee
807 4072 897 4123 omnia
914 4071 1028 4122 restituit
1036 4071 1173 4121 Iacobsius
1193 4069 1239 4135 qui
1258 4069 1370 4119 correxit
1381 4060 1494 4123 ’Ἄνθον

304 4151 344 4213 ὢν
360 4153 458 4228 πατήρ,
476 4161 519 4210 cui
538 4160 712 4212 emendationi
730 4169 759 4211 ut
778 4161 837 4226 quis
857 4160 1051 4225 subscripturus
1070 4159 1111 4218 sit,
1129 4158 1271 4208 admodum
1290 4172 1390 4208 vereor.
1428 4158 1494 4209 Con·

303 4256 343 4300 tra
361 4250 448 4301 verbis
464 4248 551 4300 eiectis
570 4242 651 4306 ὅκνος
673 4256 700 4300 21
718 4240 840 4313 ὤκνησεν
862 4249 933 4298 haud
954 4247 1083 4298 disiuncta
1103 4254 1132 4298 ut
1152 4245 1302 4312 insequenti
1320 4262 1397 4297 versu
1420 4264 1494 4314 κορο-

265 4379 269 4387 ,
302 4331 351 4395 δὸς
368 4343 394 4388 21
411 4329 573 4404 exoptarem
591 4337 716 4388 continuo
735 4353 794 4390 1212
815 4337 955 4403 excipiunt.
1024 4325 1028 4336 '

404 4421 524 4476 Β1121112
545 4426 717 4476 Aristotelica
741 4431 862 4493 corrupta
886 4425 923 4477 sic
948 4425 1003 4476 1212
1027 4425 1190 4476 restituenda
1216 4439 1275 4474 esse
1296 4424 1417 4476 videntur
1437 4423 1455 4475 1.
1474 4422 1493 4472 1.

303 4531 327 4564 v.
352 4526 383 4579 17
403 4531 442 4580 sq.
461 4516 507 4565 καὶ
523 4519 608 4583 φοβεῖ.
624 4507 826 4582 ἐπιπετόμενον
850 4513 902 4578 (sc.
919 4505 1019 4580 ὄνθον)
1044 4515 1090 4565 καὶ
1108 4504 1249 4581 ἐξελαύνει,
1270 4504 1337 4564 ὅταν
1358 4510 1391 4564 dt
1416 4505 1492 4582 λάβῃ,

300 4607 396 4656 κτείνει
414 4596 498 4657 αὐτὸν
516 4598 548 4672 (ὁ
569 4600 679 4672 ἵππος).
