3490 5286
243 538 348 588 monte
368 529 483 606 Othrye
506 528 689 587 derivatum:
712 537 744 588 at
767 531 827 588 tale
850 529 1035 590 adiectivum
1064 531 1189 590 omnino
1215 551 1278 590 non
1305 541 1407 592 exstat
1418 529 1440 604 ¹,

242 633 335 690 immo
354 625 474 708 Ὀθρηίς
493 649 606 689 nomen
628 630 784 706 proprium
806 637 861 700 est,
885 630 970 706 quod
986 639 1017 690 et
1039 634 1125 709 apud
1141 633 1240 708 ipsum
1251 633 1440 693 Antoninum

243 729 286 808 (p.
305 747 407 806 214.5
432 727 502 804 Διὸς
519 729 569 790 καὶ
591 727 704 810 νύμφης
718 725 872 808 Ὀθρηίδος
896 725 1005 809 ἐγένετο
1027 775 1034 790 .
1058 777 1065 793 .
1088 775 1096 790 .
1119 721 1278 811 Μελιτεύς)
1301 742 1334 792 et
1355 735 1439 810 apud

242 834 319 892 alios
342 828 530 909 εετίριοιεε2
551 832 707 894 invenitur.
746 831 836 904 Quae
859 850 928 890 cum
950 831 994 890 ita
1016 832 1086 904 sint,
1110 834 1238 892 alterum
1260 842 1361 894 utrum
1383 854 1437 894 no·
1527 853 1531 862 ·

242 954 312 992 men
334 936 380 992 vel
402 935 568 993 delendum
589 934 637 990 vel
660 933 873 1007 corrigendum
896 941 951 994 est.
996 931 1141 1010 Propono
1164 943 1268 992 autem
1288 934 1362 994 hoc:
1387 931 1438 994 Ei·

242 1029 350 1107 δοθέας
370 1030 484 1114 νύμφης
504 1030 640 1111 ὀρειάδος,
664 1035 749 1111 quod
771 1043 802 1092 et
817 1034 920 1092 sensui
935 1034 1125 1110 aptissimum
1135 1043 1189 1094 est
1206 1030 1257 1112 (cf.
1273 1053 1303 1110 p.
1318 1035 1387 1106 228,
1400 1035 1438 1094 26

242 1124 419 1214 ώμαδρυύύα
442 1131 573 1215 νύμφην;
598 1151 667 1210 229,
692 1152 728 1209 14
751 1129 868 1214 νύμφας
891 1129 1072 1214 ὲνιιμηλίδας)
1098 1145 1130 1195 et
1159 1137 1299 1196 facillime
1325 1137 1357 1195 in
1378 1145 1437 1196 tra·

242 1239 324 1296 ditos
354 1239 461 1296 ductus
486 1237 635 1314 corrumpi
661 1237 782 1314 potuit‚·
799 1236 977 1312 praesertim
1000 1256 1068 1296 cum
1086 1233 1213 1316 Ὄθρυος
1233 1237 1336 1297 statim
1358 1237 1438 1296 inse·

242 1347 393 1414 queretur.

340 1459 369 1516 p.
386 1454 457 1517 222,
473 1440 492 1498 8
509 1457 554 1516 sq.
587 1433 749 1516 ἀπέρριψεν
775 1433 807 1499 δὲ
832 1427 919 1518 λόγον
946 1433 1050 1518 ἄχαριν
1071 1459 1099 1498 ιε
1119 1436 1170 1499 καὶ
1189 1433 1308 1518 ἀνόητον
1327 1436 1369 1512 εἰς
1390 1437 1439 1513 τώς

242 1536 366 1620 νύμφας,
394 1533 435 1599 ὅτι
460 1537 540 1621 γένος
566 1535 622 1618 μέν
647 1538 720 1600 εἰσιν
744 1537 797 1600 ούιι
824 1537 883 1600 riui
905 1536 985 1612 Διός,
1007 1533 1070 1600 ἄλλ’
1093 1533 1184 1600 ἔτεκεν
1205 1535 1293 1612 αύτάς
1316 1534 1335 1619 ἦ
1357 1538 1437 1600 δεῖνα

241 1638 289 1700 τοῦ
314 1639 481 1718 Σπερχειοῦ,
508 1639 660 1702 Ποσειδῶν
686 1637 718 1702 δὲ
740 1637 826 1724 πάθην
846 1645 916 1717 μιᾶς
935 1636 1032 1700 αὐτῶν
1052 1629 1215 1719 Διονιάτρης
1242 1637 1290 1714 τώς
1311 1637 1438 1720 ἀδελφὰς

240 1738 374 1818 ἐρρίζωσε
393 1743 452 1802 κτλ.
496 1741 586 1814 Quae
612 1745 768 1820 quomodo
790 1743 981 1801 restituenda
1004 1743 1072 1811 sint,
1100 1743 1239 1800 nondum
1260 1742 1436 1801 intellexere

241 1843 292 1900 viri
315 1843 416 1913 docti;
441 1843 617 1903 intellexere
637 1844 774 1902 nonnulli
797 1838 817 1920 ἡ
837 1839 917 1902 δεῖνα
940 1845 991 1902 τοῦ
1002 1840 1162 1920 Σπερχειοῦ
1176 1845 1344 1920 depravata
1359 1863 1436 1904 esse.

241 1943 323 2016 Quid
347 1946 476 2003 tandem
495 1945 649 2021 opprobrii
674 1933 709 2002 ‘e
732 1945 867 2021 quadam
889 1944 1017 2003 filiarum
1039 1944 1185 2021 Sperchei
1206 1933 1343 2004 nasci?'³
1375 1944 1436 2005 Ne·

240 2063 327 2104 cesse
349 2053 398 2104 est
415 2041 510 2104 Δεινώ
533 2047 618 2122 quod
640 2045 795 2105 Berkelius
817 2044 889 2103 olim
911 2045 1064 2124 cogitavit,
1085 2045 1117 2104 in
1131 2052 1310 2106 contextum
1325 2046 1436 2124 recipi;

241 2165 341 2224 neque
366 2165 438 2204 vero
460 2146 538 2206 haec
559 2148 729 2206 immutatio
752 2146 869 2206 sufficit.
902 2145 986 2218 Quid
1008 2146 1089 2204 enim
1111 2147 1271 2216 lucramur,
1294 2146 1319 2205 si
1341 2143 1437 2206 Δεινώ

241 2248 320 2305 illam
345 2267 362 2306 e
384 2247 537 2324 Spercheo
565 2256 670 2308 natam
698 2266 768 2306 esse
791 2265 859 2306 cum
882 2246 1022 2306 Berkalio
1044 2244 1228 2310 statuimus?
1273 2248 1435 2306 Praeterea

242 2350 333 2424 patris
355 2367 469 2408 nomen
492 2349 577 2424 quod
601 2349 666 2406 Iovi
690 2357 873 2426 opponatur,
896 2349 993 2411 deest.
1022 2347 1107 2421 Quid
1127 2345 1242 2407 multa?
1265 2348 1433 2408 Cerambus

242 2451 379 2527 nymphis
399 2450 616 2510 venustissimis
638 2450 758 2522 obiecit,
788 2451 873 2525 quod
894 2442 987 2509 ἕνεκεν
1007 2445 1097 2522 αὐτὰς
1118 2444 1137 2528 ἦ
1159 2445 1255 2510 Δεινώ
1277 2452 1316 2536 τῷ
1341 2448 1434 2528 Σπερ-

237 2553 315 2635 χειῷ.
365 2551 488 2609 Etenim
518 2550 550 2607 in
582 2551 758 2610 memoriam
790 2551 845 2609 tibi
875 2569 998 2621 revoca,
1025 2545 1119 2610 Δεινώ
1147 2551 1207 2610 ista
1235 2568 1314 2628 quae
1346 2551 1435 2610 fuerit

240 2652 422 2713 muliercula.
466 2652 537 2711 Fuit
558 2671 620 2710 una
650 2672 668 2710 e
697 2652 881 2712 foedissimis
910 2653 1004 2712 tribus
1027 2649 1170 2723 Graeis4‚
1205 2669 1222 2708 e
1255 2670 1317 2728 qua
1349 2671 1433 2730 nym-

239 2753 316 2828 phas
338 2761 427 2812 natas
451 2771 519 2813 esse
540 2754 641 2812 irrisor
662 2754 803 2830 petulans
831 2754 856 2812 si
886 2753 1018 2830 dicebat,
1051 2761 1135 2812 certe
1161 2753 1357 2830 opprobrium
1384 2754 1433 2812 vix

240 2854 367 2930 cogitari
387 2863 509 2932 poterat
528 2855 702 2915 mordacius
724 2862 755 2916 et
777 2854 924 2915 acerbius.
969 2855 1069 2930 Aptus
1091 2855 1222 2932 denique
1243 2854 1337 2914 etiam
1359 2855 1430 2914 arti·

241 2955 325 3014 culus
347 2963 401 3026 est,
421 2957 564 3032 quoniam
587 2956 753 3016 Cerambus
774 2958 814 3016 de
838 2956 1040 3017 famosissimo
1060 2957 1193 3034 loquitur
1213 2965 1359 3018 monstro.

343 3074 371 3132 p.
390 3071 457 3126 222,
483 3073 517 3133 17
537 3075 603 3134 sqq.
625 3045 779 3137 νύμφαι..
790 3052 1049 3135 μετέβαλον..τὸν
1071 3052 1244 3136 Κύραμβον,
1272 3051 1312 3117 ὅτι
1332 3053 1433 3130 αὐταῖς

238 3149 408 3234 ἐλοιδόρησε.
451 3158 513 3217 Aut
534 3155 673 3236 λοιδορεῖν
693 3180 756 3218 ανα
777 3167 830 3218 aut
851 3155 1048 3238 λοιδορεῖσθαί
1068 3181 1121 3220 τινι
1143 3159 1254 3219 Graeci
1276 3160 1430 3221 dicebant.

238 3256 347 3333 Itaque
370 3257 525 3319 Antonino
555 3255 644 3331 αὐτὰς
668 3261 859 3320 accusativus
888 3262 1067 3320 reddendus
1096 3270 1151 3322 est.
1195 3260 1274 3320 Nam
1296 3262 1431 3320 sermoni

239 3356 302 3416 eius
324 3358 398 3418 satis
419 3378 496 3435 puro
517 3361 672 3436 planeque
694 3355 888 3420 barbarismis
902 3359 1049 3421 immuni⁵
1070 3361 1267 3438 stribligiuem
1281 3362 1430 3439 imputare

240 3475 343 3516 vereor
364 3477 444 3536 quae
466 3479 529 3521 non
550 3461 676 3521 inveniri
698 3461 818 3520 videtur
838 3463 896 3520 nisi
916 3463 948 3521 in
970 3464 1066 3522 altera
1088 3463 1345 3524 Maccahaeorum
1365 3463 1429 3540 epi·

240 3559 319 3617 stula
338 3554 419 3637 (cap.
439 3577 486 3636 12,
505 3562 564 3636 14),
583 3563 668 3622 cuius
691 3570 798 3622 auctor
822 3582 897 3623 sane
919 3563 995 3622 dixit
1015 3565 1072 3636 τοῖς
1091 3543 1225 3642 ιιερὶίὸν
1243 3559 1355 3624 Ἰούδαν
1374 3565 1431 3622 λα·

238 3655 391 3738 δορούιτες.

319 3782 365 3839 ·p.
386 3780 513 3841 222,1q
547 3767 639 3826 verba
665 3765 737 3824 inde
767 3784 786 3825 a
807 3762 939 3845 φαίνεται
960 3773 1060 3844 usque
1079 3768 1121 3825 ad
1142 3761 1292 3845 κερύμβοξ
1313 3761 1353 3844 (v.
1378 3761 1432 3845 23)

237 3978 382 4046 Θριώακηίς
410 3981 543 4048 (Theriac.
562 3981 637 4051 838),
668 3977 780 4050 ἀθερηίς
807 3982 854 4050 (ib.
874 3981 945 4052 849),
973 3982 1120 4052 δρεπανηίς
1151 3982 1213 4053 (lrg.
1231 3982 1284 4053 ει),
1316 3985 1433 4050 Κισσηὶς

237 4069 292 4132 (lig.
305 4067 352 4136 62)
370 4069 452 4136 fiuxit,
471 4086 539 4136 quae
559 4072 646 4122 omnia
664 4065 739 4130 ἅπαξ
755 4073 885 4140 εἰρημένα
903 4079 971 4123 suut.

334 4153 459 4224 ¹Neque
478 4156 642 4226 ‘Othrysius'
667 4161 763 4224 legitur
788 4160 838 4210 nisi
862 4162 931 4227 apud
949 4167 1041 4228 poetas
1062 4164 1201 4214 Romanos
1222 4179 1245 4215 e.
1271 4179 1296 4227 g.
1318 4160 1432 4212 Martial.

236 4245 298 4306 VII,
311 4258 335 4311 7,
350 4259 374 4298 2.
393 4249 431 4308 X,
446 4260 469 4313 7,
484 4261 508 4302 2.

337 4330 350 4370 2
366 4336 458 4390 Schol.
476 4337 545 4388 Plat.
565 4353 640 4390 conv.
654 4339 714 4405 208,
726 4339 757 4398 d;
775 4339 905 4406 Apollod.
919 4341 942 4398 1.
955 4351 979 4404 7,
992 4352 1008 4389 2
1027 4352 1052 4404 3.

334 4419 346 4456 ³
363 4425 406 4474 Ne
427 4441 535 4488 urgeam
553 4424 600 4476 τοῦ
618 4433 672 4477 tum
691 4427 798 4487 salsum;
818 4427 971 4491 cl.Kriiger
984 4427 1003 4478 l.
1015 4443 1037 4478 c.
1052 4429 1067 4477 1
1084 4427 1154 4495 547,
1166 4441 1224 4495 5,2.

332 4507 345 4545 ⁴
363 4512 495 4579 Apollod.
513 4513 580 4564 bibl.
598 4515 634 4575 11,
656 4527 681 4576 4,
697 4527 712 4564 2
735 4509 783 4572 τὰς
808 4508 918 4582 Φόρκου
934 4554 940 4567 .
957 4555 962 4568 .
978 4551 984 4565 .
1001 4520 1161 4585 θυγατέρας.
1182 4509 1265 4568 Ἐνυώ
1288 4509 1431 4587 Hipparini

232 4595 324 4652 Δεινώ
343 4600 398 4652 κτλ.

334 4685 346 4722 ⁶
365 4688 405 4743 Ci.
426 4705 484 4757 cap.
501 4691 529 4740 11
547 4691 610 4744 diss.
