3490 5286
777 356 985 431 „56-

379 541 489 608 Scripsit
507 549 593 592 autem
611 542 706 592 librum
724 541 793 592 hune
812 557 866 591 non
882 540 997 606 puerulis
1017 539 1065 590 sed
1085 540 1197 606 adultis;
1216 540 1302 604 plagis
1322 540 1391 590 enim
1410 546 1481 590 esset

281 631 376 694 dignus
395 629 526 693 magister,
553 631 598 696 qui
619 631 671 682 lab.
691 640 715 694 5,
736 641 778 696 29,
797 641 831 694 34
850 645 903 678 non
923 628 1078 688 reticuisset,
1106 632 1134 676 ut
1152 627 1270 690 singulas
1290 644 1331 676 res
1350 634 1478 678 transeam

280 719 435 778 obscaenas,
461 735 527 785 quae
547 720 670 784 leguntur
693 736 718 785 p.
739 731 799 778 211,
821 718 849 784 83
878 731 939 780 214,
959 730 1007 782 2²3
1037 728 1098 783 220,
1119 728 1167 780 32;
1197 729 1255 776 222,
1279 728 1321 776 12;
1351 729 1412 781 227,
1432 729 1477 781 303

281 819 341 871 230,
363 819 407 873 103
428 820 489 874 234,
508 820 557 868 223
578 820 638 873 237,
658 820 682 869 4.
720 808 841 872 Quocum
865 805 1034 856 consentiunt
1058 821 1124 871 quae
1148 821 1224 874 supra
1247 821 1273 871 p.
1296 817 1325 870 17
1354 811 1380 855 et
1402 821 1428 871 p.
1447 816 1480 870 50

281 896 492 962 disceptavimus.

378 987 501 1034 Aetatem
522 983 651 1034 Antonini
681 983 767 1050 capite
796 983 878 1034 altero
908 983 971 1034 diss.
1000 999 1026 1050 p.
1047 985 1080 1046 36
1109 988 1136 1032 et
1155 994 1189 1044 40
1218 982 1252 1032 ad
1281 982 1425 1032 secundum
1450 998 1476 1047 p.

280 1073 341 1124 Chr.
367 1072 501 1122 saeculum
525 1072 704 1122 revocavimus
731 1072 767 1121 ob
793 1087 885 1122 causas
911 1087 976 1137 quas
999 1087 1031 1121 ex
1056 1086 1176 1121 sermone
1200 1069 1347 1136 petivimus.
1391 1069 1479 1119 Etiam

280 1175 376 1210 nomen
393 1154 572 1210 ‘Antoninus’
593 1160 751 1211 celebratum
770 1160 955 1226 imperatorum
982 1160 1136 1210 auctoritate
1166 1160 1200 1209 ad
1228 1159 1299 1210 idem
1327 1175 1376 1209 nos
1408 1159 1480 1208 ducit

282 1256 384 1314 tempus
392 1243 411 1306 ¹,
431 1248 524 1298 etenim
538 1249 653 1298 dubitari
665 1248 709 1298 vix
720 1257 817 1315 potest,
837 1249 900 1315 quin
919 1249 997 1298 luerit
1015 1248 1154 1298 libertinae
1173 1248 1321 1314 prosapiae.
1360 1247 1478 1296 Ceterum

280 1352 364 1402 neque
392 1335 421 1385 in
439 1333 595 1388 Graecarum
623 1353 709 1404 neque
738 1338 766 1387 in
784 1339 934 1388 Latinarum
958 1337 1157 1402 inscriptionum
1183 1352 1291 1402 corpore
1311 1336 1477 1386 Antoninum

279 1424 431 1474 Liberalem
456 1424 543 1474 iuncta
567 1425 656 1476 inveni
674 1425 789 1477 nomina.
827 1426 964 1477 Utrumvis
993 1441 1047 1474 uon
1075 1441 1159 1474 rarum
1184 1441 1243 1475 esse
1267 1425 1311 1474 vix
1343 1431 1383 1474 est
1407 1423 1478 1490 quod

281 1513 373 1563 dicam.
406 1513 484 1562 Ultra
502 1513 605 1563 tertium
624 1530 686 1562 vero
704 1530 730 1579 p.
747 1513 808 1564 Chr.
829 1513 964 1564 saeculum
983 1530 1016 1563 ne
1035 1513 1244 1579 progrediamur,
1265 1513 1342 1562 etiam
1363 1512 1414 1562 hoc
1433 1513 1479 1561 im·

280 1601 364 1666 pedit,
385 1600 455 1666 quod
483 1608 544 1650 tunc
574 1601 780 1668 acompilatore
805 1602 876 1668 ipsas
895 1601 1023 1651 Nicandri
1043 1602 1146 1651 fabulas
1166 1603 1296 1667 inspectas
1325 1618 1383 1650 esse
1409 1598 1479 1667 (num

284 1689 360 1738 etiam
370 1691 471 1738 Boeum
485 1689 570 1756 ipsum
582 1690 718 1756 usurparit,
737 1705 887 1755 nonaeque
908 1699 980 1738 certo
993 1689 1136 1739 diiudicare
1155 1690 1248 1746 ausim]
1270 1706 1323 1739 non
1340 1688 1478 1754 probabile

281 1786 334 1836 est;
355 1779 385 1827 cs.
399 1777 555 1827 Schneideri
566 1779 714 1830 Nicandrea
732 1796 759 1846 p.
779 1791 813 1843 70
833 1795 892 1844 sqq.
929 1779 1025 1843 Neque
1046 1778 1103 1827 sine
1122 1778 1189 1828 iusta
1203 1793 1282 1828 causa
1294 1777 1416 1827 Hercher
1433 1776 1450 1828 l.
1461 1777 1479 1828 l.

281 1867 447 1918 scholiastam
467 1867 597 1918 Antonini
617 1869 668 1918 iam
687 1868 764 1920 tertio
784 1867 891 1917 saeculo
913 1867 1031 1917 floruisse
1050 1866 1194 1920 contendit.

379 2054 391 2093 ¹
415 2058 494 2123 Quod
512 2051 687 2109 ‘Antoninus'
710 2058 833 2123 gentilicii
859 2058 972 2108 nominis
995 2057 1056 2108 loco
1075 2058 1194 2107 traditum
1214 2064 1262 2116 est,
1282 2057 1314 2106 ad
1334 2056 1403 2106 tertii
1422 2071 1478 2104 sae-

281 2147 334 2197 culi
351 2147 451 2196 initium
471 2148 553 2212 magis
571 2164 647 2214 quam
667 2147 700 2197 ad
719 2147 795 2196 finem
814 2147 922 2197 alterius
941 2163 965 2212 p.
981 2146 1041 2196 Chr.
1062 2146 1158 2196 saeculi
1181 2162 1230 2196 nos
1255 2145 1315 2196 duci
1333 2145 1479 2196 Buecheler

281 2254 322 2287 me
342 2236 452 2288 monuit.
