3490 5286
746 395 951 453 ,4,-

347 565 488 642 Denique
513 566 674 624 nonnullas
695 565 820 623 afferam
841 571 1007 622 structuras
1029 564 1076 620 vel
1099 563 1282 628 locutiones,
1305 581 1386 638 quas
1403 564 1445 621 ad

248 664 306 721 stili
338 674 478 722 naturam
512 673 597 722 recte
624 666 846 722 aestimandam
875 664 988 739 aliquid
1012 664 1113 721 valere
1144 665 1258 739 putavi.
1301 664 1444 740 Legimus

246 783 276 842 p.
295 780 364 837 224,
383 781 420 823 22
443 758 622 824 ἱλάσσασθαι
644 759 697 824 δύο
719 761 783 834 τοὺς
806 760 964 840 ἐριουνίους
985 759 1085 835 θεούςε
1109 766 1240 822 correxit
1261 765 1297 824 Ο.
1322 764 1441 823 Schnei-

247 868 302 924 der
323 862 387 937 τοὺς
413 863 466 926 δι’-ο
493 862 674 944 ε’ριουνιόυς1
697 861 792 937 θεούς.
831 866 951 933 Iniuria,
979 884 1049 923 nam
1072 867 1183 924 eadem
1206 867 1298 924 utitur
1319 867 1444 942 apposi-

248 968 332 1025 tione
353 977 459 1026 auctor
481 967 570 1025 libelli
596 969 636 1024 de
663 967 758 1025 fluviis
781 984 848 1043 cap.
870 967 985 1034 XXIII,
1012 983 1037 1039 1,
1060 982 1078 1041 9
1107 962 1159 1025 δύο
1179 962 1228 1037 τὰς
1249 961 1447 1045 εὐγενεστάτας

247 1063 421 1145 παρθένους,
447 1085 579 1145 eumque
603 1069 690 1127 latius
713 1077 819 1145 patere
837 1085 925 1126 usum
943 1085 981 1124 ex
1000 1067 1147 1126 Hercheri
1163 1069 1364 1126 annotatione
1386 1069 1405 1127 l.
1417 1087 1444 1128 c.

247 1169 349 1243 didici,
372 1171 422 1246 qui
444 1170 550 1227 laudat
570 1170 691 1244 Ioseph.
715 1170 749 1228 B.
766 1170 787 1228 Ι.
808 1169 846 1241 ΙΙ,
867 1185 914 1238 12,
937 1183 986 1244 17;
1011 1169 1155 1228 Heraclit.
1179 1169 1266 1244 alleg.
1289 1169 1380 1227 Hom.
1407 1185 1443 1243 39

247 1289 274 1346 p.
294 1287 369 1347 1273
392 1271 469 1332 Plut.
492 1273 532 1328 de
555 1272 617 1328 vita
640 1280 672 1329 et
693 1272 779 1348 poesi
794 1271 920 1329 Homeri
944 1286 1010 1345 145.
1043 1271 1149 1329 Dualis
1171 1278 1275 1330 autem
1286 1269 1443 1327 Antonino

246 1373 337 1447 plane
364 1373 482 1449 ignotus
509 1381 568 1445 est,
600 1382 726 1448 usurpat
755 1367 807 1431 δύο
837 1373 883 1429 vel
907 1369 1079 1450 ἀμφότεροι;
1105 1371 1143 1432 cf.
1165 1391 1191 1430 e.
1214 1390 1243 1446 g.
1266 1391 1294 1448 p.
1317 1386 1386 1446 207,
1411 1385 1444 1447 7,

249 1487 317 1544 23ο,
335 1486 390 1546 25;
416 1489 486 1550 233,
502 1490 551 1548 3ο.
581 1473 673 1532 Ροττο
697 1475 888 1532 abonorum
911 1473 1134 1532 consuetudine
1157 1472 1339 1549 scriptorum
1360 1489 1444 1529 rece·

141 1593 142 1596 ¹
246 1574 324 1632 dunt
346 1574 425 1632 tales
450 1583 635 1633 structurae:

345 1695 374 1754 p.
393 1690 463 1751 231,
484 1693 495 1732 1
520 1673 547 1734 εἰ
566 1672 612 1754 μὴ
625 1722 631 1736 .
646 1720 653 1735 .
667 1720 673 1736 .
686 1672 889 1748 deleamus-t

345 1795 374 1852 p.
393 1793 461 1852 235,
478 1793 514 1850 31
542 1773 688 1856 ἠγάπησεν
710 1773 756 1836 ἀεὶ
777 1775 925 1855 παρθένος
943 1769 1017 1838 εἶναι
1030 1775 1050 1840 ³.

346 1897 375 1953 p.
393 1893 461 1947 222,
481 1893 514 1950 13
538 1881 693 1938 τοιαῦτα..
707 1924 713 1939 .
727 1875 914 1957 ἔνερτόμησεν
928 1877 970 1951 εἰς
989 1875 1037 1950 τὰς
1058 1874 1180 1958 νύμφας.

345 1997 374 2054 p.
393 1994 463 2054 227,
481 1995 521 2036 20
541 1976 717 2056 κρατοῦσαι4
741 1975 789 2052 τὰς
809 1974 918 2040 ἑαυτῶν
936 1984 1042 2058 χεῖρας.

346 2078 487 2155 Denique
510 2074 597 2150 αὐτὸς
614 2081 801 2154 pronominis
828 2099 883 2140 usu
908 2082 1080 2140 Antoninus
1104 2089 1238 2140 aetatem
1262 2100 1349 2140 suam
1372 2100 1442 2158 pro·

247 2181 305 2247 dit;
329 2181 468 2239 nimirum
490 2182 542 2239 ubi
554 2182 647 2240 Attici
665 2183 856 2262 omittebant,
877 2185 973 2261 ponit,
997 2184 1085 2242 etita
1106 2185 1193 2259 ponit
1214 2185 1444 2242 molestissime·

248 2300 307 2356 que
328 2283 438 2359 repetit
459 2283 488 2339 in
511 2284 623 2342 eadem
638 2285 857 2355 enuntiatione,
877 2294 911 2343 ut
932 2287 1026 2344 modo
1043 2285 1104 2342 huc
1119 2286 1213 2343 modo
1233 2285 1302 2343 illuc
1322 2285 1443 2356 referat,

246 2383 330 2441 velut
351 2403 381 2460 p.
400 2399 467 2454 221,
482 2399 519 2460 27
542 2378 651 2463 ἐγένετο
674 2381 705 2444 δὲ
727 2381 805 2470 αὐτῷ
826 2380 1058 2469 (εαΚεράμβῳ)
1082 2380 1240 2462 θρέμματα
1263 2386 1379 2444 πλεῖστα
1395 2384 1444 2444 καί

246 2481 320 2545 αὐτὰ
341 2481 509 2563 ἐποίμαινεν
529 2482 622 2558 οὗτός,
654 2483 768 2567 νύμφαι
790 2483 821 2546 δὲ
841 2483 1058 2564 συνελάμβανον
1080 2479 1167 2572 αὐτῷ,
1191 2482 1261 2545 διότι
1276 2482 1366 2557 αὐτὰς
1385 2487 1441 2548 κτλ.

347 2588 408 2646 Sed
431 2590 490 2646 iam
512 2589 614 2665 placet
636 2589 743 2646 sistere
766 2590 903 2664 gradum.
934 2587 964 2646 Si
986 2589 1092 2664 paucis
1103 2588 1250 2646 Antonini
1270 2590 1443 2646 adumbrari

247 2691 291 2748 vis
316 2690 531 2766 elocutionem,
554 2689 585 2748 iu
607 2691 780 2748 universum
800 2709 907 2766 puram
929 2700 961 2748 et
981 2689 1156 2765 expeditam
1179 2707 1249 2746 esse
1272 2690 1357 2748 dicas
1381 2708 1444 2747 non

247 2800 403 2868 expertem
421 2792 551 2850 labentis
564 2791 746 2850 Graecitatis
763 2792 890 2865 indiciis,
915 2793 1037 2869 poetico
1061 2792 1194 2866 quodam
1217 2790 1319 2848 colore
1342 2807 1442 2866 eoque

248 2911 308 2949 non
331 2891 420 2950 nimis
443 2901 629 2966 exaggerato
652 2891 830 2967 plerumque
852 2891 988 2950 tinctam.
1033 2890 1104 2963 Quo
1127 2893 1166 2960 iit,
1188 2900 1222 2949 ut
1244 2892 1365 2970 saepius
1387 2910 1443 2949 nu-

250 2993 334 3050 meris
357 2993 481 3067 astringi
504 3010 596 3068 posse
618 2993 758 3051 videatur
780 2993 888 3053 oratio,
934 2991 1054 3050 Tamen
1079 3011 1230 3068 nusquam
1257 2994 1298 3051 ad
1322 2993 1442 3051 calami·

250 3100 325 3150 stros
348 3101 381 3150 et
403 3094 547 3169 ampullas
572 3093 728 3150 rhetorum
755 3093 801 3151 vel
829 3110 933 3151 corum
962 3093 1013 3168 qui
1040 3093 1203 3150 amatorias
1226 3093 1374 3170 scripsere
1396 3094 1410 3151 l
1429 3124 1442 3136 -

248 3192 333 3250 bulas
356 3195 464 3254 tendit.
508 3194 616 3271 Neque
638 3213 710 3252 vero
734 3195 870 3270 contigit,
902 3204 934 3252 ut
955 3195 1047 3252 ullum
1069 3194 1232 3270 reperirem
1254 3194 1441 3271 scriptorem,

247 3311 378 3370 quocum
403 3296 433 3352 in
457 3295 631 3354 elocutione
653 3296 826 3354 Antoninus
856 3297 966 3354 artiore
991 3297 1110 3354 vinctus
1138 3297 1178 3354 sit
1203 3297 1441 3372 necessitudine,

247 3404 340 3470 atque
367 3397 500 3456 absurda
528 3397 582 3455 fuit
609 3415 715 3455 eorum
743 3397 903 3467 sententia,
937 3398 987 3474 qui
1014 3398 1055 3454 de
1085 3397 1181 3454 fluviis
1210 3397 1341 3456 libellum
1370 3398 1442 3456 olim

248 3495 404 3555 Antonino
428 3499 620 3573 assignarunt
641 3493 691 3574 (cl.
710 3498 859 3557 Hercheri
881 3499 931 3556 ed.
955 3517 984 3575 p.
1001 3496 1064 3575 32).

348 3694 359 3733 ¹
387 3698 474 3748 Etiam
505 3691 634 3765 ἐριούνιος
657 3699 765 3762 dignum
795 3707 836 3750 cst
861 3699 933 3767 quod
961 3699 1187 3750 animadvertatur.
1225 3699 1354 3762 Quantum
1379 3700 1442 3758 scio,

248 3787 316 3852 apud
335 3794 435 3836 ceteros
455 3803 546 3837 omnes
566 3788 707 3853 scriptores
727 3804 780 3838 non
800 3789 931 3838 invenitur
950 3787 1062 3854 epitheti
1085 3787 1145 3837 loco
1164 3785 1310 3838 adhibitum
1333 3787 1385 3837 nisi
1409 3789 1442 3837 de

247 3875 381 3926 Mercurio
402 3877 462 3926 deo.
482 3876 555 3942 Sapit
573 3877 744 3928 Nicandrum.

344 3961 413 4016 2Cs.
432 3965 547 4015 Kiihner
564 3966 581 4018 1.
601 3982 623 4019 c.
642 3965 657 4033 ἓ
678 3967 729 4028 398
750 3982 808 4016 ann.
830 3979 853 4017 2.

346 4048 444 4106 ³1bid.
462 4051 477 4122 ξ
496 4055 556 4117 484,
578 4067 620 4122 21,
640 4068 664 4119 3.

345 4138 494 4210 4Κριιτεῖν
513 4144 582 4208 apud
604 4145 764 4194 recentiores
784 4144 914 4194 notionem
933 4143 1012 4193 habet
1029 4142 1251 4210 apprehendendi.
1289 4143 1330 4190 De
1351 4141 1442 4192 καλεῖν

248 4226 296 4278 rut
313 4245 383 4286 τινος
400 4230 433 4282 ci.
449 4245 474 4296 p.
490 4231 505 4278 6
525 4231 586 4282 diss.
