3490 5286
779 389 985 448 ...4..

288 563 361 640 quin
381 562 492 620 lacuna
512 559 677 618 statuenda
698 557 745 628 sit,
765 557 905 615 dubitare
923 557 1040 633 nequit.
1067 557 1178 635 Neque
1199 560 1320 636 longius
1339 561 1483 636 progredi

288 663 403 730 liceret,
426 679 517 738 quam
538 669 572 718 ut
592 659 739 718 nonnulla
760 658 914 716 excidisse
936 666 1148 734 statueremus
1171 661 1229 720 uisi
1244 661 1373 721 Ovidius
1395 659 1483 737 (met.

287 764 356 839 VII,
368 776 429 839 374
441 761 520 839 sqq.)
535 762 667 819 eandem
689 760 828 818 fabellam
850 760 981 817 breviter
997 761 1166 839 astringens
1179 757 1191 799 1
1207 783 1246 821 ea
1262 763 1481 838 suppeditaret,

287 883 367 942 quae
389 864 438 922 hie
460 865 530 922 olim
550 864 630 921 lecta
653 861 743 921 fuisse
765 862 907 938 suspicor.
952 861 1047 921 Poeta
1069 861 1227 921 Romanus
1248 872 1367 922 narrat:

482 957 491 982 ‘
499 1008 733 1026 ............
744 980 817 1022 nam
838 961 971 1039 Phyllius
992 964 1053 1022 illic

434 1065 565 1142 Imperio
587 1064 674 1140 pueri
695 1063 896 1139 volucresque
919 1063 1076 1140 serumque
1098 1065 1219 1124 leonem

435 1167 621 1225 Tradiderat
642 1166 791 1240 domitos;
815 1171 937 1224 taurum
958 1183 1082 1242 quoque
1103 1167 1223 1225 vincere
1247 1168 1347 1226 iussus

434 1267 557 1326 Vicerat
579 1274 610 1324 et
632 1272 736 1341 spreto
759 1265 872 1324 totiens
894 1266 988 1324 iratus
1011 1283 1115 1325 amore

434 1368 572 1426 Praemia
592 1367 732 1443 poscenti
752 1373 874 1424 taurum
895 1384 1036 1444 suprema
1058 1358 1208 1444 negabatff

283 1472 360 1530 Ideo
382 1469 568 1530 Antoninum
591 1469 651 1527 hoc
675 1467 737 1527 iere
758 1473 853 1531 modo
875 1487 939 1528 rem
961 1470 1113 1529 rettulisse
1129 1471 1277 1548 quispiam
1291 1471 1478 1548 suspicetur:

285 1567 355 1632 tut
376 1565 485 1643 Φῦλιος
507 1616 514 1632 .
537 1615 543 1629 .
569 1616 575 1631 .
597 1565 692 1648 ἕτερον
713 1576 819 1651 ταῦρον
841 1619 848 1633 .
871 1617 878 1632 .
904 1616 911 1631 .
934 1566 1086 1650 ἀπήγαγεν
1111 1565 1177 1650 ἄχρι
1210 1569 1281 1651 πρὸς
1299 1569 1348 1632 τὸν
1367 1566 1479 1649 βωμόν.

284 1667 432 1751 Βονλήσα
450 1667 481 1731 δὲ
501 1667 555 1730 τοῦ
575 1665 750 1749 Ἡρακλέους
774 1668 897 1752 ἠμέλησα
918 1676 973 1732 τῶν
993 1667 1194 1751 ἐπιταγμάτων
1215 1677 1265 1733 τοῦ
1286 1670 1389 1744 παιδὸς
1409 1666 1479 1753 (τὸν

283 1777 390 1852 ταῦρον
410 1769 555 1844 αἰτοῦντος
574 1766 695 1853 δῶρον).
742 1771 796 1859 Τῷ
817 1770 850 1834 δὲ
869 1769 978 1858 Κύκνῳ
999 1773 1056 1836 κτλ.

383 1875 478 1934 Hiare
500 1874 541 1932 ibi
562 1875 732 1932 orationem
751 1875 812 1933 fine
827 1874 949 1934 fabulae
964 1875 1133 1934 confirmari
1148 1875 1275 1947 videtur,
1297 1877 1410 1953 quippe
1424 1877 1477 1953 qui

284 1976 357 2036 satis
380 1974 519 2052 fragosus
542 1983 573 2032 et
595 1993 720 2035 maneus
742 1976 789 2036 sit.
832 1977 931 2035 Recte
957 1976 982 2034 si
1004 1977 1130 2050 conieci,
1157 1977 1218 2036 hoc
1241 1977 1305 2037 iere
1326 1977 1421 2035 modo
1439 1977 1478 2034 ¹il-

283 2079 343 2136 lum
361 2093 491 2136 necesse
506 2085 553 2135 est
568 2076 765 2152 suppleamus
781 2096 811 2153 p.
825 2093 894 2155 213,
907 2077 946 2136 28
958 2095 1024 2154 sqq.
1046 2075 1095 2138 καῖ
1112 2071 1241 2157 ἐγένοντο
1261 2078 1351 2162 βουλῇ
1369 2066 1479 2138 Ἀπόλ-

281 2180 370 2250 λωνος
390 2172 505 2254 ὄρνιθες
516 2171 653 2256 <κύκναι>
666 2173 825 2257 ἀμφότεροι
843 2174 876 2238 ἒν
889 2171 961 2262 (τῇ)
975 2174 1069 2262 λίμνῃ.
1096 2167 1333 2257 Ἀφανισθὲντων
1350 2173 1382 2238 δὲ
1398 2174 1476 2257 [καὶ]

283 2276 304 2360 ἦ
325 2275 413 2360 λίμνη
427 2271 565 2358 (dupin)
576 2269 790 2358 μετωνομάσθη
810 2277 859 2338 καὶ
873 2273 982 2359 ἐγένετο
1003 2279 1116 2358 κυκνείη
1133 2281 1192 2340 κτλ.
1235 2279 1338 2340 Pauca
1355 2281 1477 2339 adicere

283 2389 422 2457 oportet:
446 2374 543 2439 κύκνοι
558 2379 709 2438 excidisse
723 2380 845 2437 videtur
860 2380 900 2438 ob
913 2373 1130 2456 ὁμοιοτέλευταν,
1145 2379 1285 2438 nimirum
1299 2399 1318 2439 a
1333 2381 1478 2458 scriptore

283 2481 407 2558 quinon
420 2480 486 2539 sine
503 2480 661 2556 diligentia
673 2489 704 2539 et
718 2481 854 2540 verbose
862 2482 902 2540 de
915 2481 1086 2540 nominibus
1099 2482 1264 2540 bestiarum
1275 2500 1367 2557 agere
1378 2500 1476 2559 usque

282 2601 403 2658 quaque
423 2588 513 2652 amat,
528 2581 674 2640 omissum
694 2599 764 2641 esse
785 2600 893 2658 parum
914 2583 1071 2660 probabile
1093 2592 1155 2659 est;
1177 2583 1215 2644 cf.
1231 2603 1261 2660 p.
1276 2598 1346 2659 207,
1364 2597 1380 2660 7
1402 2581 1478 2656 Ζεὺς

282 2677 480 2761 ...ἐποίησεν
502 2676 608 2760 ὄρνιθα
630 2671 727 2742 αἰετόν
747 2678 813 2760 (ubi
836 2685 1014 2743 Fonteinius
1039 2685 1161 2762 ignarus
1183 2703 1255 2744 usus
1278 2684 1476 2743 Antoniniani

280 2801 373 2861 prave
404 2778 511 2862 ὄρνιθα
542 2784 607 2842 tolli
638 2778 757 2864 iussit);
791 2785 862 2858 216,
885 2802 919 2846 21
958 2776 977 2866 ἦ
1005 2781 1038 2846 δὲ
1062 2782 1157 2864 αὐτὴν
1182 2780 1315 2864 ἐποίησεν
1344 2781 1476 2861 ὀρνίθιον

280 2885 411 2963 ymbrem
446 2883 516 2955 218,
540 2901 575 2944 21
610 2880 716 2964 ὄρνιθα
741 2881 856 2964 ἐποίησε
881 2883 929 2946 τὸν
956 2884 1048 2946 παῖδα
1071 2880 1205 2964 Alponos.
1247 2885 1355 2962 Neque
1377 2887 1475 2963 magis

280 3004 394 3045 novum
412 2987 497 3046 lacus
517 3005 631 3046 nomen
652 2989 764 3048 deesse
780 2989 888 3065 potuit,
912 2990 952 3047 de
975 3005 1036 3063 quo
1057 2987 1114 3046 nisi
1134 2987 1259 3046 aliunde
1282 2995 1439 3046 constaret
1450 2983 1474 3057 2,

279 3089 421 3164 prolecto
442 3088 582 3148 dubitare
603 3090 794 3148 deberemus.
831 3090 941 3166 Itaque
955 3089 1056 3147 lacum
1077 3089 1103 3146 si
1118 3088 1265 3164 prioribus
1286 3089 1473 3166 temporibus

279 3182 435 3266 Κωνώπην
456 3182 509 3268 (ci.
523 3208 553 3266 p.
567 3205 636 3264 213,
652 3206 691 3264 25
713 3185 868 3268 κατέβαλεν
888 3184 992 3250 ἑαυτὸν
1011 3186 1051 3262 εἰς
1071 3186 1126 3267 τὴν
1147 3183 1301 3268 Κωνώνιην
1320 3183 1475 3268 λεγομένην

279 3283 395 3367 λίμνην)
417 3291 604 3367 appellatum
625 3300 697 3369 post
715 3291 850 3370 ,Thyriae
872 3291 1025 3349 interitum
1047 3289 1192 3368 Thyriam
1212 3286 1473 3368 μενννομααθῆναι

280 3397 458 3460 statuemus,
481 3410 499 3450 a
522 3409 593 3451 vero
616 3393 663 3451 vix
686 3393 893 3451 aberrabimus
906 3389 927 3453 ³.

377 3510 406 3570 p.
426 3509 547 3568 212,32
570 3494 698 3570 legimus
720 3493 769 3554 sai
792 3489 808 3554 ὁ
829 3488 902 3555 λέων
921 3488 980 3554 ὑπὸ
1000 3495 1089 3572 λιμοῦ
1110 3497 1202 3578 τροφῇ
1222 3486 1310 3577 vairp
1328 3488 1474 3571 χρησάμε-

275 3611 333 3664 νος.
364 3593 445 3652 Ante
465 3599 558 3679 τροφῇ
579 3597 721 3656 articulus
743 3599 872 3658 omissus
899 3607 956 3668 est,
984 3618 1075 3677 quem
1095 3597 1266 3658 Antoninus
1290 3596 1373 3655 iuxta
1394 3577 1475 3665 οὗτος

278 3703 455 3755 constanter
476 3698 576 3774 ponit;
612 3717 653 3758 en
682 3700 785 3758 omnia
811 3702 952 3777 exempla
979 3702 1011 3760 in
1033 3701 1143 3779 quibus
1171 3699 1276 3758 decies
1302 3713 1472 3774 pronomen

281 3829 480 3847 —.-.'-.--

378 3912 390 3951 1
412 3914 523 3966 Ovidius
543 3930 604 3966 vero
627 3916 699 3982 quod
723 3915 849 3967 fabellam
871 3905 943 3967 haud
967 3932 1026 3967 cum
1047 3914 1198 3982 pulvisculo
1218 3927 1233 3964 e
1251 3914 1388 3964 Nicandro
1410 3911 1472 3962 hau·

279 4004 349 4072 serit,
368 4019 421 4054 non
442 4011 482 4055 est
499 4019 544 4054 cur
562 4003 693 4058 miremur.
729 4005 868 4071 Conspirat
887 4011 957 4056 certe
976 4005 1048 4072 quod
1067 4010 1144 4070 caput
1161 4009 1210 4064 est,
1237 4003 1266 4052 in
1285 4003 1370 4052 tribus
1390 4008 1474 4052 certa·

278 4093 401 4153 minibus,
420 4107 487 4159 quse
504 4091 624 4160 Phyllius
642 4090 694 4159 (sic
713 4093 784 4160 apud
802 4093 927 4144 Ovidium
934 4092 952 4159 i)
971 4092 1060 4145 subiit

375 4177 388 4217 2
407 4181 519 4233 Ovidius
537 4182 555 4234 l.
575 4182 594 4232 l.
613 4181 695 4248 paulo
715 4181 789 4233 aliter
898 4243 903 4252 ὑ

545 4269 594 4321 ‘At
612 4270 726 4335 genetrix
744 4271 839 4337 Hyrie,
858 4271 950 4322 servati
969 4270 1066 4331 nescia,
1085 4270 1174 4322 flendo

546 4358 666 4410 Delicuit
684 4366 860 4426 stagnumque
877 4375 926 4411 suo
945 4360 978 4410 de
996 4359 1102 4410 nomine
1123 4357 1209 4411 iecit’.

376 4444 544 4500 ³Praeterea
564 4449 610 4500 καὶ
627 4449 739 4514 primum
762 4448 835 4515 quod
854 4448 1012 4516 superfluum
1030 4456 1078 4508 est,
1108 4447 1233 4514 expunxi3
1257 4451 1283 4496 et
1301 4445 1410 4497 Gallum
1428 4441 1471 4494 vel

219 4555 225 4566 ·
276 4540 466 4591 Schneiderum
489 4546 594 4591 secutus
616 4538 644 4588 in
666 4536 764 4607 (ἐρατοῦ
786 4533 887 4589 correrii
909 4544 1053 4598 accentum,
1077 4537 1123 4603 qui
1144 4537 1172 4585 in
1191 4535 1283 4584 codice
1301 4534 1425 4584 Palatino
1444 4533 1470 4581 in

276 4645 365 4680 rasura
382 4629 423 4679 vel
442 4628 524 4679 hodie
542 4629 688 4680 accuratius
706 4627 816 4678 intuenti
836 4643 914 4693 supra
932 4627 1040 4677 alteram
1059 4624 1189 4692 syllabam
1205 4623 1371 4690 perspicitur.
