3490 5286
755 399 960 458 ,53-

260 573 464 634 narrationem
497 573 538 633 de
566 569 806 648 metamorphosi
829 569 1010 629 Teumesiae
1044 569 1140 647 vulpis
1172 571 1233 630 iam
1255 567 1403 630 Bastius¹
1424 580 1456 628 et

258 679 280 737 I.
303 677 341 738 G.
364 675 533 735 Schneider
564 694 583 732 e
605 673 761 732 Nicandro
783 671 926 730 haustam
948 690 1018 730 esse
1039 671 1174 730 arbitrati
1201 679 1272 730 sunt
1295 672 1361 730 Iulii
1384 672 1455 730 Pol·

259 779 331 838 lucis
353 777 415 835 nixi
436 767 630 836 testimonio²
651 772 695 852 (in
718 773 909 832 onomastieo
933 773 970 848 V,
985 772 1027 847 38
1046 791 1088 849 sq.
1110 791 1140 848 p.
1163 787 1219 848 199
1236 769 1378 849 Bekker),
1401 775 1452 850 qui

259 898 340 958 quae
364 879 406 939 de
429 878 562 954 quinque
585 875 796 934 famosissimis
819 892 930 934 canum
952 875 1115 952 generibus
1138 874 1309 945 tradiderit,
1337 876 1379 932 ad
1401 874 1454 933 Ni·

259 983 407 1040 candrum
440 980 542 1038 omnia
571 979 671 1036 redire
693 978 808 1036 diserte
831 976 969 1035 affirmat.
1013 975 1093 1036 Nolo
1117 977 1329 1053 quaestionem
1362 994 1454 1053 quarn

259 1085 298 1142 de
321 1082 409 1140 titulo
432 1079 497 1138 libri
512 1077 677 1138 Nicandrei
698 1078 859 1155 proposuit
875 1076 1054 1146 Schneider,
1076 1077 1125 1136 hic
1144 1073 1327 1156 resumerei,
1350 1077 1455 1137 etiam·

259 1183 339 1242 siut
361 1190 409 1240 est
431 1190 536 1239 nostra
558 1182 599 1238 de
622 1179 770 1238 Antonini
792 1177 929 1236 sontibus
952 1179 1112 1250 sententia,
1133 1179 1185 1238 hic
1207 1197 1330 1256 quoque
1351 1172 1454 1255 ἑτεροι-

258 1273 368 1360 οάμενα
401 1300 492 1361 quam
525 1282 608 1340 aliud
630 1283 773 1340 volumen
804 1287 919 1356 poetae
954 1279 1160 1339 obscurissimi
1182 1281 1353 1358 inspexisse
1384 1297 1454 1338 eum

257 1393 393 1444 statuere
422 1379 533 1443 malo4.
577 1381 627 1441 De
649 1382 808 1441 Diomedis
837 1381 922 1440 obitu
950 1381 1111 1458 herbisque
1135 1382 1225 1440 sociis
1252 1391 1305 1442 aut
1326 1383 1370 1441 de
1392 1381 1453 1440 Bri·

259 1485 381 1544 tomarti
397 1485 585 1544 Nicandrum
607 1485 759 1543 rettulisse
783 1483 890 1559 quibus
911 1482 1031 1558 probari
1052 1483 1150 1559 possit
1166 1484 1336 1559 fragmenta
1359 1483 1454 1560 ipsius

259 1559 380 1666 desuht,
403 1596 505 1646 tamen
520 1587 667 1645 Antonini
689 1587 769 1646 sabb.
785 1601 824 1662 37
848 1594 879 1644 et
903 1601 944 1659 40
964 1584 1101 1644 indidem
1124 1587 1207 1644 unde
1229 1593 1348 1643 ceteras
1371 1593 1453 1643 ortas

258 1706 326 1750 esse
348 1688 485 1767 vidimus,
505 1689 655 1765 prodiisse
677 1688 843 1748 contendo
877 1687 918 1744 Et
945 1688 985 1744 de
1008 1686 1112 1746 fabula
1132 1703 1173 1760 40
1195 1685 1372 1762 Schneider,
1402 1685 1455 1762 qui

258 1791 351 1850 etiam
366 1790 456 1849 finem
477 1789 659 1847 narrationis
675 1787 845 1847 felicissime
861 1788 991 1847 restituit
1014 1785 1045 1865 (l.
1063 1807 1088 1849 c.
1107 1807 1137 1864 p.
1156 1804 1196 1864 70
1218 1807 1290 1849 ann.
1312 1787 1349 1865 1),
1371 1789 1454 1845 idem

165 1875 167 1880 ⁵
257 1891 361 1952 sensit.
405 1890 470 1949 Viri
492 1891 636 1967 singulari
656 1890 819 1949 eminentis
842 1889 983 1949 doctrina
1011 1898 1042 1948 et
1066 1889 1223 1966 diligentia
1246 1889 1339 1947 verba
1367 1885 1398 1966 (l.
1426 1907 1453 1949 c.

258 2080 289 2134 δὲ
306 2077 483 2151 ’Apeitheion
501 2080 566 2150 αἶγα
584 2079 740 2150 Νίκανδρος
757 2076 825 2138 Διὸς
843 2075 949 2151 τροφόν
970 2095 1047 2150 φησι.
1084 2080 1203 2132 Coniciat
1227 2096 1290 2145 ergo
1311 2079 1403 2147 aliquis
1427 2078 1455 2128 in

257 2171 386 2222 Antonini
405 2176 530 2222 contextu
548 2161 644 2240 νύμφη
664 2169 735 2235 quod
753 2170 795 2218 vel
813 2169 848 2220 ob
870 2169 935 2220 alias
955 2185 1046 2220 causas
1068 2175 1219 2236 suspectum
1240 2175 1287 2229 est,
1307 2169 1380 2220 uncis
1401 2185 1453 2219 sae·

257 2260 382 2327 piendum
402 2275 471 2319 esse,
490 2258 523 2310 cs.
543 2275 610 2326 quae
629 2265 753 2309 secuntur
771 2235 892 2326 opposita
909 2253 957 2323 τὴν
974 2255 1030 2327 μὲν
1047 2255 1112 2326 αἶγα
1124 2297 1130 2310 .
1142 2297 1167 2310 ..
1187 2252 1235 2309 τὸν
1253 2255 1284 2308 ‹lt
1304 2249 1371 2310 κάνα
1390 2257 1445 2310 κτλ.

358 2343 369 2383 ¹
387 2347 472 2414 Epist.
491 2348 545 2399 crit.
565 2348 607 2398 ed.
626 2362 679 2399 sec.
698 2363 723 2414 p.
744 2359 805 2400 200.

356 2433 542 2505 2Νίκανδρος
561 2433 593 2486 ‹lt
618 2431 632 2487 ὁ
653 2429 832 2506 Κολοφώνιος
858 2429 919 2493 τοὺς
940 2429 1068 2492 Ἰνδικοὺς
1094 2428 1176 2492 κύνας
1202 2427 1359 2502 ἀπογόνους
1386 2431 1457 2486 εἶναί

259 2539 327 2594 φησι
347 2522 401 2578 τῶν
425 2519 572 2582 Άκταίονος
593 2523 682 2577 κανῶν
694 2563 699 2577 .
711 2563 718 2577 .
730 2565 736 2577 .
750 2517 844 2593 ὥσπερ
869 2527 915 2576 καὶ
933 2519 981 2582 τὰς
1001 2522 1142 2582 Χαονίάας
1154 2565 1159 2578 .
1172 2564 1177 2577 .
1191 2515 1363 2592 ,ἀπογόνους
1386 2521 1457 2575 εἶναί

258 2628 328 2682 φησι
352 2607 431 2670 κυνὸς
458 2605 491 2664 ὃν
508 2606 820 2682 Ἧᾳιαιστος...ἀῶρον
845 2611 931 2664 ἔδωκε
951 2613 998 2663 Arl
1027 2605 1153 2670 κάκεῖνος
1173 2604 1300 2684 Εὐρώπῃ,
1328 2607 1394 2677 αὕτη
1422 2610 1454 2663 δὲ

258 2705 342 2770 Μίνῳ
368 2702 414 2752 καὶ
432 2703 530 2766 Μίνως
547 2693 682 2770 Πρόκριδι
706 2701 751 2751 καὶ
772 2693 895 2770 Πρόκρις
914 2693 1039 2769 Κεφάλιμ
1077 2693 1164 2770 φύσιν
1188 2698 1218 2750 ‹l’
1244 2698 1318 2770 εἶχεν
1335 2691 1455 2771 ἀφυκτος

258 2788 335 2852 εἶναι,
358 2783 452 2859 ὥσπερ
486 2785 502 2854 ἡ
529 2793 669 2858 Τευμησία
692 2779 805 2856 ἀλώπηξ
827 2779 958 2854 ἀληπτος·
991 2790 1036 2840 καὶ
1069 2785 1115 2838 διὰ
1137 2787 1214 2840 τοῦτο
1237 2782 1455 2855 sustinuissem

258 2869 356 2948 ἀμφω,
374 2875 389 2930 ὁ
409 2875 518 2948 μὲνῗνα
530 2873 571 2949 μὴ
590 2871 658 2950 λάβῃ
676 2873 725 2944 τὴν
737 2869 859 2943 ἀληπτον
876 2870 1013 2946 ἀλώπεκα,
1033 2873 1048 2942 ἡ
1069 2875 1093 2927 ri’
1108 2880 1153 2932 ἵνα
1171 2875 1211 2947 μὴ
1231 2872 1305 2950 φάγρ
1325 2873 1373 2931 τὸν
1385 2869 1454 2948 ἀφυ-

258 2983 323 3020 κτον
345 2959 421 3024 κάνα.
458 2968 579 3019 Eandem
602 2967 742 3019 antithesin
767 2967 993 3018 animadvertimus
1023 2968 1093 3034 apud
1116 2967 1280 3018 Antoninum
1312 2983 1338 3034 p.
1358 2967 1453 3031 238,4

257 3045 291 3121 ἦν
308 3053 339 3108 δὲ
353 3052 470 3126 θεμιτὸν
487 3047 547 3108 οάτε
565 3051 614 3122 τὴν
631 3049 759 3109 ἀλώπεκα
772 3054 982 3126 καταληφθῆναι
999 3049 1054 3108 ὑπό
1074 3072 1146 3114 τινος
1164 3049 1309 3114 διώκοντος
1327 3048 1387 3108 οὔτε
1405 3052 1454 3109 τὸν

258 3135 325 3198 κάνα
343 3142 474 3215 ἐκφυγεῖν
492 3137 664 3214 διωκόμενον
682 3139 772 3198 οὐδέν.

358 3229 370 3267 ³
387 3233 419 3283 In
438 3232 480 3284 ed.
496 3232 556 3286 Nic.
577 3249 602 3300 p.
626 3245 674 3300 125
693 3249 742 3301 sq,
762 3233 916 3284 Schneideri
934 3240 1019 3284 autem
1039 3233 1187 3285 coniectura
1214 3234 1248 3284 de
1266 3233 1340 3284 libris
1357 3233 1454 3284 Nican-

258 3321 325 3372 dreis
344 3321 389 3388 qui
408 3315 576 3389 Κυνηγετικά
601 3321 644 3372 vel
663 3319 809 3391 Θηρειιτικά
830 3322 949 3388 inscripti
968 3321 1071 3383 fuerint,
1090 3322 1165 3372 nimis
1183 3321 1281 3373 incerta
1299 3327 1347 3384 est,
1375 3339 1453 3390 quam

258 3411 300 3460 cui
320 3411 484 3462 subscribere
505 3411 645 3477 possimus.

356 3494 368 3532 ⁴
385 3500 499 3550 Restant
517 3514 580 3548 sane
595 3497 710 3549 difficilia
729 3515 796 3566 quae
807 3500 923 3550 enodare
942 3515 996 3550 non
1014 3515 1132 3567 possum.
1170 3500 1274 3567 Nempe
1287 3502 1453 3554 statuendum

258 3586 306 3637 erit
316 3587 477 3637 Nicandmm
488 3587 635 3655 Cephaleae
654 3587 724 3637 canis
743 3585 853 3639 historia
872 3594 1017 3640 memorata
1036 3589 1114 3639 etiam
1131 3587 1159 3638 in
1178 3596 1319 3640 ceterarum
1339 3591 1453 3654 origines

256 3677 430 3744 inquisivisse,
444 3693 475 3727 err
490 3678 585 3743 quibus
605 3677 677 3727 solae
687 3677 832 3727 Actaeonis
852 3693 929 3728 canes
952 3693 1010 3728 cum
1029 3679 1235 3745 metamorphosi
1254 3679 1311 3729 erili
1328 3679 1453 3745 quodam·

256 3762 338 3816 modo
349 3763 531 3818 cohaerebant.
569 3768 654 3816 Porro
674 3765 745 3832 apud
756 3765 921 3817 Antoninum
942 3765 1007 3816 nihil
1030 3767 1064 3817 de
1083 3768 1153 3818 canis
1172 3767 1254 3833 ipsius
1273 3767 1374 3831 origine
1393 3784 1452 3834 pro-

256 3852 351 3918 fertur,·
370 3869 449 3919 quare
469 3854 577 3904 altemm
599 3862 685 3905 utrum
704 3853 889 3919 neglegentius
909 3856 995 3920 egisse
1013 3862 1141 3924 putamus,
1160 3856 1210 3907 nisi
1231 3857 1299 3908 sorte
1318 3857 1453 3907 Nicander

257 3941 298 3992 bis
318 3943 429 3993 eandem
454 3958 509 3993 rem
532 3944 637 3996 rettulit.
675 3944 754 4009 Quod
778 3944 883 3995 minime
901 3945 1085 3996 consuetudini
1104 3946 1265 4011 Colophonii
1285 3953 1380 4012 poetae
1409 3945 1452 3996 ad·

256 4031 352 4081 versari
364 4031 542 4099 Alexipharm.
560 4051 584 4085 v.
607 4032 656 4083 128
675 4050 713 4101 sq.
733 4039 758 4084 et
776 4033 895 4086 Theriac.
916 4051 939 4086 v.
959 4034 1011 4098 483
1032 4051 1071 4100 sq.
1102 4041 1127 4085 et
1146 4035 1275 4085 Antonini
1294 4034 1346 4088 sab.
1365 4047 1398 4097 24
1430 4035 1452 4084 si

255 4121 323 4171 inter
341 4136 370 4170 se
380 4122 581 4188 comparaveris,
600 4122 715 4172 dilucide
728 4123 871 4189 apparebit.
900 4123 940 4176 Ct'.
950 4123 1084 4173 Foersteri
1102 4123 1197 4174 libmm
1213 4120 1308 4174 ‘Raub
1328 4124 1375 4174 der
1389 4125 1451 4172 Per-

256 4203 381 4276 sephone'
403 4227 429 4277 p.
447 4210 482 4260 80
501 4226 558 4277 sqq.
596 4210 683 4276 Quare
701 4212 774 4278 quod
792 4227 817 4277 p.
841 4223 871 4276 17
892 4212 955 4262 diss.
976 4210 1006 4263 ir
1022 4210 1144 4279 Ἀστερία
1163 4215 1219 4279 (pro
1238 4210 1269 4264 ἐν
1288 4205 1378 4280 Δήλῳ)
1393 4213 1450 4262 An·

256 4297 339 4348 tonini
367 4313 392 4364 p.
412 4311 472 4362 232,
493 4299 524 4348 18
553 4299 688 4350 Nicandro
717 4299 911 4366 imputavimus,
938 4299 1081 4350 secundum
1108 4300 1237 4351 scholium
1266 4300 1371 4366 quidem
1396 4300 1450 4366 Ap.

255 4385 348 4435 Rhod.
368 4386 382 4435 1
400 4403 424 4438 v.
443 4398 495 4449 419
515 4385 577 4451 (irg.
597 4399 610 4450 5
631 4387 673 4438 ed.
694 4387 848 4451 Schneider)
866 4386 1022 4456 Νίκανδρος
1040 4386 1071 4440 ἐν
1097 4381 1123 4439 α’
1142 4385 1197 4441 τῶν
1214 4387 1388 4442 Arretium*
1405 4388 1451 4453 τῆς

256 4470 287 4524 ἐν
304 4473 425 4542 Αἰτωλίᾳ
440 4468 584 4543 Ὀρτυγίας
602 4476 673 4545 φησὶ
691 4470 740 4540 τὴν
757 4475 850 4540 Δῆλον
868 4469 1071 4545 ὀνομασθῆναι,
1090 4483 1175 4526 tamen
1195 4492 1261 4542 quae
1280 4477 1362 4545 paulo
1389 4482 1450 4544 post

256 4569 379 4612 secuntur
402 4565 447 4613 καὶ
477 4560 492 4628 ἡ
512 4563 601 4627 Δῆλος
629 4555 677 4616 οὖν
696 4557 746 4633 αιἰχ
766 4561 801 4620 ώς
819 4557 989 4632 panidensi
1013 4559 1070 4616 rimi
1088 4564 1134 4630 τῆς
1151 4560 1297 4632 Ἀστερίας
1313 4581 1450 4634 μεταμορ-

256 4642 374 4718 φώσεως
390 4650 436 4714 τῆς
454 4652 560 4717 Λητοῦς
578 4646 701 4722 ἀδελφῆς
718 4653 772 4704 κτλ.
797 4652 833 4703 ob
861 4653 888 4702 id
906 4654 991 4718 ipsum
1012 4654 1070 4719 quia
1090 4653 1236 4718 expressius
1255 4655 1405 4714 refutantur,
1423 4655 1449 4704 in

257 4737 372 4790 eiusdem
392 4746 488 4805 poetae
506 4741 716 4794 heteroeumenis
734 4740 801 4794 lecta
820 4757 878 4794 esse
896 4742 1025 4794 videntur.
