3490 5286
771 334 955 392 ,5,

265 499 293 564 oi
314 502 394 564 ἄλλοι
415 503 515 578 παῖδες
536 499 646 576 Οἰνέως
666 499 839 582 μαχόμενοι,
867 523 946 580 quae
969 521 1061 580 quam
1088 504 1188 562 alieno
1222 505 1291 564 loco
1314 506 1464 564 collocata

265 607 332 676 sint,
354 625 447 665 nemo
470 625 532 665 non
556 607 675 666 sentiet.
720 606 790 664 Nou
813 607 894 665 bene
921 625 999 682 quae
1025 607 1224 682 praecedunt,
1258 609 1463 682 praecedunt;

264 724 327 766 non
357 709 435 768 bene
466 716 621 776 secuntur,
654 725 733 784 quae
760 716 910 768 secuntur.
954 708 1103 784 Imprimis
1136 725 1206 765 vero
1236 705 1286 766 καὶ
1315 709 1464 783 particula

265 808 400 884 offendit,
434 810 522 886 quasi
545 807 731 883 Calydonios
759 809 799 865 de
824 809 933 866 ceteris
955 807 1054 866 Oenei
1075 808 1142 865 filiis
1165 825 1228 866 000
1255 809 1367 868 luxisse
1389 827 1464 868 con·

263 918 446 968 sentaneum
467 909 514 970 sit.
549 909 634 982 Quid
649 905 766 969 multa?
789 907 889 966 Primo
906 909 954 968 hic
976 928 1047 968 eum
1070 909 1330 985 deprehendimus
1345 910 1460 984 glossa·

263 1019 370 1080 torem,
401 1011 485 1068 cuius
511 1011 636 1087 vestigia
658 1011 690 1069 in
712 1009 819 1087 quavis
846 1009 911 1068 sere
941 1009 1053 1087 pagina
1075 1010 1274 1069 Antoniniani
1296 1019 1460 1070 contextus

263 1128 494 1187 cognoscemus.
538 1110 646 1186 Itaque
675 1113 715 1170 de
742 1111 868 1168 fratrum
894 1119 992 1168 morte
1015 1110 1162 1186 Meleagri
1188 1111 1220 1168 in
1247 1112 1415 1186 marginem
1443 1132 1461 1170 e

262 1229 325 1286 quo
347 1211 504 1287 prodierit,
527 1212 687 1271 annotatio
711 1212 815 1270 denuo
837 1211 1005 1286 releganda
1027 1220 1083 1272 est.

362 1311 464 1370 Pauca
475 1321 554 1388 sunt,
566 1330 646 1388 quae
658 1313 699 1370 ad
712 1311 855 1370 fabellam
867 1311 1074 1370 brevissimam
1085 1308 1240 1388 profer0¹;
1251 1333 1279 1390 p.
1287 1331 1356 1388 203,
1366 1314 1455 1390 28sq.
1476 1321 1530 1371 lab.
1545 1333 1559 1385 3

263 1411 423 1486 Neptunus
452 1413 545 1472 iratus
568 1413 730 1472 Hieracem
751 1408 883 1490 ἐποίησεν
905 1407 1020 1488 ὄρνιθα,
1051 1408 1082 1484 ὃς
1102 1398 1273 1489 ὀνομάζεται
1292 1417 1348 1478 νῦν
1369 1407 1459 1491 ἱέραξ.

265 1510 358 1583 Quod
378 1513 452 1572 mire
469 1515 584 1572 dictum
606 1523 662 1592 est,
686 1514 773 1590 quasi
784 1513 906 1574 Hieraci
921 1531 1032 1572 novum
1050 1532 1164 1572 nomen
1178 1516 1307 1574 inditum
1322 1515 1369 1576 sit.
1399 1516 1460 1574 §Ex-

263 1613 337 1671 cidit
356 1613 412 1672 nisi
434 1614 522 1672 fallor
542 1634 603 1674 una
625 1633 698 1674 vox:
721 1617 880 1691 legebatur
899 1615 970 1674 olim
995 1610 1025 1686 ὃς
1047 1600 1214 1693 ὀνομάζεται
1236 1610 1275 1676 ἕιι
1299 1621 1349 1676 νῦν
1370 1612 1459 1697 ἱέραξ.

260 1712 297 1772 10
319 1714 344 1772 si
365 1716 586 1792 amplectimur,
610 1725 641 1775 et
663 1717 832 1777 sententiae
855 1724 885 1774 et
905 1717 1051 1793 loquendi
1075 1719 1143 1776 usui
1155 1718 1302 1778 Antonini
1323 1719 1461 1778 satisfieri

260 1813 807 1894 1100101.Ἔο001101000110,ουοά
829 1835 922 1894 quam
945 1817 1033 1876 facile
1049 1818 1147 1876 omitti
1166 1819 1301 1894 potuerit
1322 1829 1458 1896 apparet,
1544 1815 1547 1820 ’

260 1925 291 1974 et
312 1917 475 1978 Hieracem
499 1920 657 1994 pristinum
678 1920 837 1980 retinuisse
863 1935 979 1976 nomen
1006 1919 1201 1994 significatur,
1233 1928 1266 1977 et
1296 1938 1358 1995 quo
1388 1921 1461 1978 nihil

259 2019 356 2093 magis
380 2019 554 2078 Antoninus
577 2022 712 2088 adamat,
734 2038 959 2097 recuperamus,
984 2021 1034 2096 qui
1055 2037 1204 2096 nusquam
1227 2016 1315 2078 sere2
1337 2023 1388 2080 riv
1410 2039 1460 2081 so·

259 2119 329 2192 lum,
353 2121 411 2178 sed
432 2112 471 2180 ἔτι
493 2117 696 2200 011010Ιᾶχο
721 2125 772 2182 νῦν
792 2124 839 2181 vel
861 2116 927 2200 ἄχρι
948 2125 1001 2180 νῦν
1023 2116 1062 2182 ἔτι
1085 2122 1250 2180 coniuncta
1272 2122 1459 2198 scriptitavit.

261 2219 435 2280 Invenimus
457 2230 557 2281 autem
578 2215 618 2282 ἔτι
640 2225 692 2282 νῦν
714 2224 844 2299 septies:
871 2242 901 2299 p.
918 2222 988 2302 208,
1008 2237 1055 2296 15.
1072 2237 1126 2297 20;
1152 2237 1221 2297 200,
1238 2220 1292 2291 28;
1317 2237 1458 2300 217,12;

263 2320 333 2389 218,
350 2336 404 2394 22;
427 2322 497 2397 228,
513 2339 547 2397 3;
572 2339 641 2398 234,
663 2338 695 2399 7;
721 2354 761 2366 -
782 2324 890 2383 itidem
912 2319 977 2400 ἄχρι
999 2327 1067 2382 vm:
1098 2341 1128 2398 p.
1146 2337 1217 2391 202,
1237 2337 1291 2396 133
1317 2338 1386 2397 205,
1404 2340 1441 2382 22
1451 2343 1458 2400 ;

264 2436 402 2496 223,32;
426 2438 537 2499 2230.
550 2439 605 2499 31;
630 2423 700 2494 228,
715 2425 769 2496 28;
792 2440 861 2500 233,
876 2441 908 2494 2;
925 2455 963 2466 -
987 2424 1120 2502 denique
1141 2418 1207 2502 ἄχρι
1230 2425 1281 2482 νῦν
1302 2414 1342 2484 ἔτι
1363 2427 1459 2484 semel

260 2539 290 2597 p.
307 2537 376 2597 203,
396 2537 441 2596 15.
480 2519 540 2582 Ἔτι
567 2533 671 2586 autem
699 2526 850 2602 particula
876 2525 1021 2600 quoniam
1044 2525 1072 2586 ll.
1096 2526 1122 2584 ll.
1145 2527 1197 2584 νῦν
1218 2525 1360 2584 voculam
1380 2545 1457 2585 sem·

261 2641 315 2698 per
342 2626 530 2702 praecedere
558 2627 646 2704 solet,
674 2628 778 2687 nescio
801 2645 842 2684 an
862 2647 893 2703 p.
913 2624 979 2701 228,
997 2643 1015 2700 3
1039 2645 1099 2702 000
1123 2627 1175 2684 νῦν
1197 2617 1236 2684 ἔτι
1257 2625 1375 2701 legitur,
1397 2628 1458 2688 usi·

259 2733 356 2786 taram
378 2727 539 2786 verborum
561 2729 793 2788 collocationem
814 2729 974 2788 restituere
1000 2727 1179 2786 debeamus.

357 2829 393 2886 In
411 2837 547 2888 extrema
569 2829 743 2890 narratione
761 2849 791 2906 p.
808 2845 878 2905 204,
896 2845 907 2886 1
925 2847 970 2905 sq.
993 2829 1198 2890 membrorum
1219 2829 1457 2890 concinnitatem

259 2948 321 2988 000
344 2931 409 2988 sine
431 2930 556 2990 consilio
571 2930 701 3007 petitam
723 2931 848 3008 quidem
870 2931 929 2987 sed
945 2930 1177 3005 quodammodo
1194 2930 1347 2989 turbatam
1364 2930 1457 2990 anim·

258 3032 410 3090 advertas.
433 3030 537 3104 Quam
550 3039 585 3090 ut
598 3039 758 3090 revocaret
767 3030 957 3100 Fonteinius,
973 3030 1076 3089 omnia
1091 3047 1204 3108 susque
1223 3032 1323 3107 deque
1339 3031 1457 3090 habens

258 3135 416 3208 quomodo
431 3135 591 3191 verborum
606 3132 746 3192 ordinem
764 3131 965 3192 audacissime
979 3130 1189 3202 immutaverit,
1209 3133 1294 3207 apud
1305 3132 1457 3192 Kochium

256 3252 287 3309 p.
304 3232 360 3292 116
383 3243 416 3292 et
437 3233 701 3294 Westermannum
722 3234 825 3291 videre
847 3234 928 3294 licet.
964 3231 1090 3290 Praesto
1113 3240 1161 3290 est
1182 3232 1338 3292 medicina
1361 3235 1456 3292 multo

258 3333 362 3396 lenior.
391 3336 548 3395 Tenorem
569 3333 715 3393 orationis
736 3353 799 3392 una
821 3351 879 3391 vox
903 3334 1069 3409 perturbat,
1091 3349 1151 3408 qua
1173 3333 1349 3392 oblitterata
1371 3334 1457 3394 nulla

258 3434 374 3493 salebra
401 3444 547 3496 remanet.
591 3435 742 3514 Sentisne,
772 3453 835 3512 quo
862 3430 1010 3494 tendam?
1054 3428 1158 3492 Αὐτὸν
1185 3452 1357 3510 pronomen
1385 3437 1455 3494 dele

258 3535 483 3612 permolestum,
507 3538 610 3597 omnia
630 3539 746 3614 optime
768 3537 1008 3614 respondebunt.
1046 3536 1195 3595 Additum
1212 3545 1260 3594 est
1275 3556 1295 3594 a
1317 3539 1454 3612 quodam

258 3635 310 3711 qui
331 3638 538 3714 perspicuitati
557 3640 698 3699 inservire
721 3640 777 3698 sibi
799 3640 967 3708 videbatur,
989 3638 1113 3697 lectore.
1156 3637 1243 3695 Idem
1265 3637 1370 3696 vitium
1394 3639 1454 3697 alio

257 3737 325 3794 loco
347 3739 431 3813 apud
442 3739 631 3800 Antoninum
646 3741 822 3800 emendavit
836 3736 1036 3799 Knaaclrius3
1059 3735 1218 3811 (analectis
1232 3737 1452 3797 Alexandrino-

256 3837 403 3897 Romanis
424 3859 453 3916 p.
474 3855 491 3916 5
516 3843 589 3903 diss.
612 3842 833 3919 Gryphiswald.
864 3839 966 3917 1880),
990 3842 1039 3918 qui
1061 3859 1090 3917 p.
1112 3855 1181 3918 217,
1207 3854 1222 3915 7
1247 3835 1341 3917 αὐτὴν
1370 3850 1454 3900 recte

256 3940 347 3998 obelo
370 3942 499 4003 notavit.

261 4112 456 4126 ᾕ-

354 4220 365 4260 ¹
383 4243 408 4291 p.
420 4239 480 4291 203,
493 4239 527 4278 2ο
541 4228 698 4295 typographi
716 4229 838 4279 socordia
852 4230 897 4279 καὶ
910 4229 1124 4294 praetermissum
1138 4235 1191 4286 estt
1209 4227 1327 4290 legamus
1343 4243 1452 4278 necesse

256 4318 296 4360 est
314 4310 419 4372 δίκαιος
436 4309 504 4384 ἀνὴρ
525 4311 605 4382 <ascib
623 4309 769 4387 ἐπιφανής.

351 4398 363 4437 2
380 4403 466 4454 Semel
491 4404 539 4458 νῦν
558 4405 644 4456 solum
665 4407 762 4469 legitur
781 4423 806 4472 p.
830 4419 890 4466 210,
913 4406 954 4466 18,
982 4406 1116 4472 semelque
1140 4405 1178 4458 ἔτι
1198 4404 1283 4455 solum
1304 4420 1330 4470 p.
1347 4404 1408 4464 218,
1428 4405 1453 4464 6,

253 4490 298 4540 ubi
317 4491 429 4542 sortasse
450 4495 545 4546 melius
567 4493 614 4547 νῦν
631 4496 789 4546 inseremus:
809 4488 903 4558 ταύτης
922 4493 960 4546 ἔτι
979 4492 1062 4562 (viv)
1081 4494 1235 4564 μέμνηνται
1254 4493 1308 4544 κτλ,

354 4576 365 4614 ³
392 4583 467 4632 Idem
492 4583 597 4650 saepius
621 4584 691 4650 apud
715 4583 913 4650 Apollodorum
937 4583 1044 4642 accidit;
1074 4584 1105 4636 ci.
1130 4580 1251 4632 biblioth.
1275 4581 1325 4640 111,
1345 4582 1370 4640 6,
1391 4591 1405 4644 5
1427 4587 1452 4630 et

252 4667 301 4730 111,
322 4670 348 4729 6,
368 4670 383 4720 8
403 4672 440 4736 (p.
454 4682 498 4737 95,
516 4687 533 4737 4
552 4681 578 4724 et
596 4689 622 4740 p.
641 4686 685 4739 97,
703 4686 714 4724 r
738 4674 781 4724 ed.
802 4672 944 4742 Hercher.)
963 4672 1035 4726 alibi.
