3490 5286
745 336 951 398 ...7..

249 505 449 568 arbitrabitur.
493 505 594 581 Atque
616 506 699 564 unde
722 505 857 568 hauserit
876 505 1087 584 interpolator,
1109 503 1312 568 demonstrari
1330 512 1442 582 potest.

247 607 317 684 Ipse
339 602 498 666 iudices1:

292 709 452 768 Glossator
473 726 542 768 cum
565 707 731 784 explicaret
793 702 797 786 l
1034 708 1228 768 Aristoteles:

415 805 594 930 κνιαολίροςε
821 810 838 869 l.
861 828 888 870 c.
910 828 939 886 p.
956 823 1079 884 593a4
1099 806 1174 870 ἄλλα
1199 804 1226 869 δ’
1248 806 1307 870 ἐστὶ
1328 828 1443 870 σκνιιιο-

289 906 377 970 πισοί·
401 907 473 988 πρὸς
494 903 598 988 ταιίτην
617 906 692 997 ἀετῷ
718 907 769 970 αό-
820 907 923 989 φάμα.
936 901 998 970 οἷον
1019 931 1106 972 πιπω.

245 999 360 1087 λομός’
345 1030 402 1072 εσυ
414 1031 462 1070 και
455 1006 601 1096 ἕρῳδιῷ
616 1006 769 1090 κατάγνυσι
820 1031 848 1088 p
864 1012 955 1089 tosa
972 1028 1014 1086 30
1036 1002 1189 1090 πόλεμος.
1211 1006 1320 1096 ,πίπῳ
1341 1007 1373 1070 δὲ
1394 1011 1444 1070 καί

245 1110 301 1190 γὰρ
315 1107 409 1172 αὐτῶν
423 1109 457 1170 ιὰ
470 1101 528 1198 ᾠά·
551 1108 696 1171 κόπτουσα
715 1133 769 1191 την
820 1108 942 1199 ἐρωδιῷ
968 1111 1003 1174 τὰ
1022 1109 1118 1201 γὰρ
1104 1110 1151 1174 ὠσὶ
1175 1112 1370 1177 κατεσθίει.
1394 1119 1444 1174 τοῦ

245 1210 315 1292 δρῦν
336 1210 384 1272 διὰ
404 1209 470 1286 τοὺς
490 1215 600 1285 κνῖαας.
819 1211 950 1294 sputans.

821 1332 909 1392 59311
925 1331 942 1393 7
958 1313 1028 1395 πρὸς
1041 1313 1077 1376 τὰ
1090 1310 1163 1388 ξύλα
1178 1305 1399 1394 αροςαετόμενα.

818 1421 857 1481 ib.
874 1435 908 1478 12
932 1407 1100 1498 κνιαολόγος
1115 1462 1142 1478 ..
1157 1412 1213 1478 ἔστι
1227 1416 1278 1477 καί
1300 1421 1381 1478 τοῦτο
1395 1418 1441 1490 ξυ-

817 1514 942 1580 λοκόιιον

1038 1619 1224 1696 Hesychius:

860 1718 948 1797 ιιιαώ,
981 1719 1080 1800 ὄρνεον
1112 1717 1259 1799 πολέμιον,
1296 1713 1334 1794 ὥς
1363 1741 1441 1797 ανες,

817 1821 938 1911 ἔρῳδιρῖ.
972 1875 975 1886 ,

343 1945 372 2003 p.
390 1941 460 2003 215,
480 1943 516 1984 22
545 1929 638 1987 verba
666 1921 706 1988 ὅτι
728 1924 759 1988 τὸ
780 1929 838 2005 πῦρ
860 1922 1013 2008 φεύγοντες
1033 1922 1080 1985 διὰ
1101 1929 1152 1986 τοῦ
1172 1919 1267 2004 τοίχου
1289 1922 1368 2002 παρὰ
1389 1920 1443 2002 τὴν

243 2031 301 2107 γῆν
327 2021 434 2087 ἔδυσαν
461 2047 524 2086 non
546 2027 698 2086 conciliari
725 2033 855 2103 possunt
878 2045 946 2086 curn
968 2027 1004 2085 lis
1033 2027 1114 2103 qliae
1136 2045 1163 2084 v.
1191 2042 1227 2100 19
1250 2043 1294 2102 sq.
1317 2043 1442 2100 praece·

244 2130 321 2187 dunt
353 2122 382 2187 oi
413 2126 441 2187 δ’
466 2125 547 2188 ἄλλοι
572 2125 605 2188 ἐκ
630 2132 681 2188 τοῦ
706 2125 794 2206 πυρὸς
815 2122 984 2207 ἀνὲῆιησαν,
1014 2129 1122 2205 quibus
1144 2127 1274 2203 scriptor
1294 2127 1442 2184 indicavit

245 2238 364 2289 ceteros
397 2231 448 2305 qui
473 2230 691 2307 Hyperhippae
724 2229 868 2305 fugitivae
901 2238 1104 2306 opponuntur,
1137 2247 1174 2288 ex
1200 2229 1267 2304 ipsa
1291 2228 1440 2304 flagrante

244 2331 338 2389 domo
360 2332 391 2388 in
413 2349 516 2390 aerem
538 2331 685 2392 evolasse.
722 2331 825 2405 Quam
845 2339 879 2390 ut
902 2332 1039 2390 tollamus
1061 2330 1308 2406 discrepantiam,
1332 2337 1440 2387 auctor

244 2432 310 2506 sim,
330 2440 364 2489 ut
379 2449 458 2507 quae
473 2432 568 2490 hodie
589 2441 661 2509 post
682 2426 788 2492 οἵθυια
811 2434 955 2508 leguntur
975 2452 1002 2494 v.
1020 2449 1056 2508 19
1073 2451 1118 2509 sq.
1144 2425 1173 2490 οἱ
1194 2428 1221 2490 δ’
1242 2427 1323 2492 ἄλλοι
1343 2426 1376 2488 ἐκ
1389 2433 1441 2489 τοῦ

244 2529 332 2609 πυρὸς
351 2527 520 2613 ἀνέαιησαν,
536 2528 689 2612 Μούνιχος
707 2530 763 2611 μὲν
784 2530 912 2612 τριόρχης
930 2529 1089 2612 γενόμενος,
1108 2529 1286 2612 Ἄλκανδρος
1306 2527 1337 2594 δὲ
1358 2526 1438 2610 ὀρχί-

243 2634 299 2705 λος,
319 2652 426 2693 eorum
441 2643 594 2693 mutemus
611 2637 727 2703 sedem,
751 2636 962 2712 quippequae
977 2637 1049 2694 olim
1064 2654 1092 2696 v.
1108 2651 1146 2708 24
1165 2643 1236 2711 post
1249 2628 1327 2693 κύων
1342 2632 1438 2691 fuerit.

341 2754 369 2811 p.
388 2750 458 2810 215,
476 2735 515 2793 28
546 2735 699 2794 adfinem
723 2735 844 2796 fabulae
872 2737 995 2796 exhibet
1019 2737 1117 2796 codex
1147 2729 1255 2796 α’ίίίοια
1276 2729 1303 2793 δ’
1329 2729 1439 2814 ἐγένετο

243 2832 314 2911 πρὸς
338 2831 441 2912 λίμνας
465 2856 494 2896 τε
519 2835 570 2895 καί
592 2834 736 2921 θαλάσσῃ.
782 2837 921 2898 Berkelio
944 2846 1070 2898 auctore
1093 2839 1228 2897 dativum
1249 2832 1363 2914 λίμναις
1383 2853 1438 2911 po·

244 2952 341 3008 suere,
374 2955 532 3013 perperam
552 2947 586 2996 ut
607 2939 724 3015 opinor,
754 2940 1006 3016 quandoquidem
1029 2939 1203 3000 Antoninus
1238 2937 1439 3013 praepositio·

243 3053 312 3094 nem
335 3031 413 3113 πρός,
446 3056 538 3114 quarn
564 3040 611 3098 bis
634 3049 666 3098 et
690 3042 840 3117 nonagies
868 3058 937 3100 cum
963 3042 1138 3100 accusativo
1161 3039 1327 3115 coniungit,
1363 3056 1437 3097 nus·

242 3153 333 3214 quarn
361 3155 429 3196 curn
456 3140 596 3214 genetivo
622 3150 677 3200 aut
703 3142 808 3202 dativo
837 3143 970 3218 copulat.
1013 3143 1099 3219 Lege
1122 3138 1193 3220 πρὸς
1213 3136 1317 3216 λίμνας
1338 3157 1366 3197 τε
1388 3136 1438 3196 καί
1488 3183 1489 3190 .

241 3232 403 3300 θάλασσαν.

339 3357 368 3414 p.
386 3340 489 3415 216,3
514 3341 550 3403 In
568 3337 641 3400 Κῶν
661 3339 887 3424 τὴνΜοροιιίία
906 3348 997 3423 νῆσον
1017 3346 1162 3404 usitatum
1184 3343 1302 3404 insulae
1323 3357 1438 3402 nomeu
1458 3349 1512 3403 tab.
1529 3362 1558 3414 15

244 3438 407 3498 delendum
428 3450 487 3511 est,
511 3452 619 3521 utpote
646 3444 731 3520 quod
756 3446 968 3522 explicationis
995 3465 1088 3506 causa
1117 3445 1283 3521 ascriptum
1305 3461 1375 3522 esse
1397 3443 1439 3500 vi·

244 3540 364 3600 deatur.
407 3543 558 3605 Librarius
591 3547 673 3604 enim
701 3547 732 3604 in
764 3548 873 3606 codice
901 3547 1041 3608 Palatino
1069 3545 1143 3610 Κῶν
1168 3556 1284 3623 puncto
1312 3542 1441 3616 notavit,

242 3649 401 3713 praeterea
423 3645 512 3704 deest
532 3655 689 3708 accentus.
732 3648 906 3708 Antoninus
928 3667 1000 3708 vero
1023 3667 1115 3708 casca
1136 3657 1285 3708 terrarum
1315 3645 1441 3704 nomina

241 3758 321 3816 qnae
339 3761 357 3800 e
378 3745 479 3820 poetis
502 3749 728 3824 deprompsisse
750 3751 909 3825 putandus
931 3761 980 3808 est
1002 3747 1054 3827 (ef.
1068 3749 1242 3809 Schneideri
1264 3750 1282 3810 l.
1303 3765 1329 3808 c.
1350 3767 1382 3823 p.
1399 3758 1437 3822 47

240 3858 310 3903 ann.
335 3841 375 3921 2),
407 3846 535 3906 libenter
555 3850 697 3924 adhibet;
733 3849 770 3910 ci.
794 3869 822 3926 p.
841 3865 911 3926 232,
931 3850 967 3909 18
991 3847 1023 3910 ἐν
1043 3836 1176 3932 Ἀσιερίρι
1199 3868 1255 3926 pro
1277 3845 1310 3908 ἐν
1331 3837 1437 3932 Δήλμ;

242 3959 311 4017 224,
325 3960 365 4004 ιο
384 3955 417 4005 et
433 3949 536 4022 225,6
555 3946 677 4011 Ἀονίαν
697 3947 848 4023 σ1Ἅονος
870 3947 1082 4028 ρτοΒοιιοιίαν
1104 3960 1136 4010 et
1148 3947 1288 4026 Βυιιοιοί;
1312 3967 1384 4025 204,
1399 3965 1434 4026 17

241 4040 401 4125 Σισυφίδας
413 4067 469 4126 pro
481 4047 676 4128 Κορινθίους
700 4072 730 4128 p.
748 4066 819 4129 237,
834 4069 882 4127 25.
901 4068 948 4129 27.
965 4069 1005 4130 29
1025 4064 1058 4112 et
1083 4051 1152 4127 238,
1173 4069 1183 4109 1
1211 4049 1358 4130 Καδμεῖαι
1380 4071 1434 4128 pro

242 4139 383 4224 &spirim
408 4165 476 4227 237,
501 4167 540 4225 ²4
563 4161 595 4210 et
616 4168 655 4228 29
680 4143 828 4232 Τηλεβόαι
850 4173 906 4230 pro
931 4143 1052 4234 Τάφιοι.
1079 4192 1096 4214 .-

337 4267 365 4325 p.
385 4250 453 4322 216,
466 4266 483 4327 7
498 4269 544 4328 sq.
569 4249 632 4311 ἀλλ’
654 4250 681 4313 εί
695 4250 752 4331 μὲν
769 4251 893 4338 Ἀθηνᾷ
914 4276 954 4327 τις
973 4249 1039 4334 ἱερὰ
1057 4260 1148 4316 ποιῶν
1168 4247 1301 4317 ἐκάλεσεν
1321 4253 1370 4327 τὰς
1389 4252 1435 4315 κό-

236 4367 297 4424 ρας,
319 4344 457 4430 ἀνέλεγεν
479 4346 633 4433 taratara
653 4357 707 4434 τῆν
722 4356 837 4438 κλῆσιν·
859 4342 896 4415 οὗ
909 4353 965 4436 γὰρ
987 4351 1106 4437 ἀγαπᾶν
1121 4351 1179 4438 ἔφη
1198 4356 1329 4438 γλαυκὴν
1353 4347 1434 4434 θεόν,
1458 4423 1461 4436 1

240 4495 438 4510 -ν-ι--ι-

337 4586 347 4625 ¹
369 4591 449 4643 Tales
472 4593 616 4646 bestiarum
640 4594 784 4648 simultates
806 4597 905 4663 largam
930 4599 1061 4650 veteribus
1084 4602 1259 4667 praebuemnt
1283 4604 1435 4670 disputandi

236 4679 379 4742 materiam,
399 4681 489 4747 ltaque
508 4698 524 4731 e
543 4684 617 4734 fonte
636 4686 789 4737 secundario
806 4687 936 4750 glossator
947 4689 1121 4740 Aristotelica
1133 4692 1214 4742 verba
1225 4691 1328 4742 haurire
1341 4694 1432 4758 poluit.

1219 4793 1234 4831 2
