3490 5286
810 321 850 334 -
893 292 1020 376 43...

317 479 409 556 philo.
454 475 546 534 Cuius
572 475 663 534 libros
697 474 863 532 scholiasta
894 475 1010 532 utinam
1036 493 1105 534 cum
1133 477 1243 534 eadem
1266 477 1450 553 inspexisset
1471 478 1513 536 in·

318 581 442 655 dustria,
466 596 526 654 qua
545 592 618 635 usus
643 577 684 633 ad
705 592 819 633 nonam
834 575 991 633 annotavit
1004 576 1158 634 Parthenii
1185 576 1336 636 fabulam:
1361 572 1380 655 ἦ
1402 571 1514 656 ἱστορία
1561 643 1569 674 k

318 675 388 760 αὕτη
412 676 535 759 ἐλήφθη
562 673 594 736 ἐκ
621 679 671 753 τῆς
696 673 725 732 α’
745 671 920 752 Ἀνδρὶοκου
944 672 1114 748 Ναξιακῶν·
1142 672 1247 758 γράφει
1270 677 1334 756 napi
1356 674 1446 756 αὐτῆς
1466 679 1515 738 καὶ

321 779 506 862 Θεόφραστος
525 776 557 840 ἓν
578 782 618 864 τῷ
640 770 667 835 δ’
688 776 744 835 τῶν
766 772 838 853 πρὸς
857 773 922 848 τοὺς
940 773 1067 855 καιρούς.
1100 777 1189 850 Quae
1213 780 1305 839 verba
1327 781 1425 839 acrius
1447 800 1513 857 per·

318 883 525 960 pendentibus
555 881 645 938 nobis
668 879 784 954 aliquid
806 878 863 936 nisi
886 879 983 948 fallor,
1008 880 1049 936 de
1072 879 1221 956 Pamphili
1243 889 1329 956 prato
1353 883 1514 940 addiscere

317 986 397 1048 licet.
431 981 584 1040 Parthenii
608 980 741 1038 fabulam
763 979 978 1054 depromptam
994 997 1062 1036 esse
1078 998 1115 1037 ex
1128 981 1271 1040 Andrisci
1293 1000 1392 1040 rerum
1402 981 1514 1041 Naxia·

318 1103 422 1144 carum
447 1085 522 1142 libro
548 1083 654 1158 prim0‚
691 1097 780 1154 quem
808 1089 892 1137 certe
917 1079 984 1155 ipse
1011 1098 1178 1156 numquam
1199 1082 1327 1149 viderat,
1350 1082 1513 1142 scholiasta

318 1203 494 1246 asseverare
516 1202 580 1241 non
601 1181 710 1258 potuit,
732 1181 789 1239 nisi
812 1198 829 1238 e
851 1180 1001 1256 Pamphili
1023 1183 1240 1258 compilatione
1256 1183 1399 1243 Andrisci
1420 1185 1513 1243 histo·

317 1289 424 1346 riolam
447 1291 643 1360 cognoverat.
688 1281 914 1340 Alexandrinus
937 1282 1025 1358 igitur
1052 1285 1269 1358 grammaticus
1294 1285 1433 1344 Andrisci
1456 1286 1515 1343 hoc

317 1391 386 1447 loco
401 1388 545 1446 insistens
561 1383 695 1459 vestigiis
718 1382 918 1460 dePolycrita
941 1383 1092 1442 rettulisse
1115 1387 1288 1444 censendus
1311 1395 1359 1443 est
1371 1381 1391 1444 1.
1416 1387 1513 1444 Multo

319 1509 389 1548 vero
411 1488 582 1564 generalius
610 1488 650 1544 de
673 1485 889 1561 Theophrasto
912 1487 1022 1544 dicitur
1041 1474 1146 1564 γράφει
1170 1485 1234 1562 περὶ
1257 1483 1346 1564 αὐτῆς
1366 1485 1416 1546 καὶ
1439 1483 1514 1546 Θεό-

317 1610 441 1671 φραστος
461 1589 517 1650 κτλ.
562 1587 663 1646 Etiam
684 1587 734 1644 hie
755 1585 943 1662 Pamphilum
965 1587 1061 1646 multo
1088 1588 1263 1662 diligentius
1285 1591 1386 1664 egisse
1409 1606 1514 1647 cense-

318 1695 426 1762 bimus,
452 1691 504 1768 qui
527 1691 636 1749 sedulo
659 1689 753 1747 etiam
775 1689 808 1746 in
829 1687 992 1746 notissimis
1015 1688 1124 1746 fabulis
1148 1691 1333 1766 singulorum
1355 1700 1514 1748 auctorum

317 1793 539 1869 discrepantias
551 1808 657 1849 omnes
672 1789 849 1850 distinxerit.
872 1787 972 1861 Quem
989 1798 1113 1876 secutus
1127 1791 1288 1850 scholiasta
1299 1793 1384 1850 alteri
1397 1793 1515 1851 auctori

318 1894 472 1954 Parthenii
490 1895 529 1951 de
542 1894 680 1971 Byblide,
697 1891 782 1950 alteri
793 1891 941 1950 Antonini
956 1893 996 1949 de
1016 1893 1128 1950 eadem
1149 1892 1337 1952 historiolam
1349 1894 1514 1970 assignare

316 1991 483 2071 potueritl.
515 1993 600 2066 Quid
622 1993 707 2068 quod
730 1992 838 2050 adeas
860 1993 967 2067 quibus
983 1992 1084 2050 nullae
1106 1994 1203 2069 magis
1219 1995 1258 2050 ab
1281 1995 1416 2052 omnium
1438 2003 1514 2053 tem-

315 2113 424 2171 porum
438 2095 538 2171 poetis
561 2093 775 2169 frequentatae
798 2101 870 2151 sunt
895 2093 1022 2168 fabulas,
1046 2094 1088 2151 ad
1109 2111 1164 2152 eas
1186 2111 1262 2169 quas
1274 2095 1448 2154 Antoninus
1472 2097 1512 2152 de

316 2197 473 2272 Meleagro
495 2205 528 2253 et
539 2194 698 2271 Iphigenia
721 2194 856 2268 tradidit,
872 2193 1037 2253 scholiasta
1049 2194 1238 2271 Pamphilum
1261 2203 1384 2256 secutus
1407 2198 1513 2254 ceteris

219 2285 221 2292 ,
317 2299 457 2356 omnibus
480 2296 600 2355 omissis
624 2295 821 2370 scriptoribus
846 2295 897 2370 qui
919 2297 1014 2354 multo
1037 2296 1184 2354 maiorem
1211 2297 1317 2372 adepti
1339 2306 1427 2354 erant
1448 2299 1514 2371 glo-

316 2401 400 2474 riam,
433 2415 527 2456 unum
558 2395 748 2454 Nicandrum
780 2405 814 2454 ut
839 2404 995 2454 auctorem
1022 2393 1183 2472 ascripsit?
1216 2395 1308 2454 Unde
1332 2397 1514 2456 scholiastae

316 2499 498 2558 testimoniis
520 2515 623 2556 nonne
645 2499 793 2556 accrescit
814 2492 910 2556 fides?

416 2600 480 2659 Iam
509 2618 547 2657 eo
574 2601 658 2657 unde
679 2599 764 2657 initio
786 2599 916 2674 profecti
938 2617 1051 2678 sumus,
1072 2601 1220 2677 paulatim
1242 2601 1427 2670 revertimus,
1458 2602 1515 2658 sed

315 2702 374 2761 nisi
407 2703 484 2762 sorte
519 2710 588 2760 acta
619 2701 722 2760 adhuc
750 2702 877 2779 egimus,
906 2702 999 2780 paulo
1035 2703 1142 2761 melius
1178 2703 1308 2762 accincti
1344 2705 1386 2760 ad
1422 2720 1514 2778 quae-

316 2805 447 2863 stionem
479 2805 519 2861 de
547 2802 679 2862 fontibus
711 2803 938 2860 Antoninianae
972 2804 1157 2862 collectionis
1192 2823 1284 2880 supra
1316 2805 1513 2880 propositam.

316 2906 419 2980 Atque
452 2904 484 2963 in
514 2905 550 2962 iis
584 2905 694 2980 quibus
728 2904 886 2980 singularis
920 2906 1006 2963 testis
1043 2906 1169 2963 additus
1207 2915 1253 2962 est
1289 2906 1513 2964 narrationibus

315 3007 421 3064 nescio
449 3024 489 3063 an
521 3024 612 3064 nemo
644 3024 708 3063 non
740 3025 821 3064 nunc
848 3014 985 3064 nostram
1018 3007 1058 3063 de
1087 3025 1160 3064 vero
1194 3015 1319 3064 auctore
1356 3014 1514 3065 secuturus

316 3109 355 3166 sit
382 3107 574 3167 sententiam.
618 3106 732 3165 Verum
763 3109 804 3165 ad
836 3108 1008 3166 historiolas
1038 3109 1147 3166 multas
1182 3109 1350 3185 complures
1385 3109 1515 3165 afferun-

316 3218 364 3267 tur
393 3218 546 3281 auctores,
571 3209 612 3267 ad
637 3209 799 3266 nonnullas
821 3189 856 3266 ut
880 3209 1085 3286 exposuimus,
1111 3210 1210 3268 nullus
1234 3211 1366 3270 omnin0.
1412 3207 1514 3280 Quae-

316 3313 388 3372 ritur
414 3330 498 3388 erge,
534 3329 608 3370 num
639 3311 680 3369 ibi
706 3329 799 3369 unum
825 3321 984 3369 auctorem
1006 3329 1196 3386 praeponere
1217 3311 1327 3370 ceteris
1351 3310 1449 3384 liceat,
1484 3317 1515 3366 et

316 3435 376 3493 quo
408 3416 471 3474 iure
504 3414 623 3472 fabulas
655 3408 828 3484 ἀδεσπότους
858 3413 946 3472 certis
973 3414 1073 3489 poetis
1101 3431 1170 3472 cum
1199 3413 1304 3488 specie
1327 3413 1429 3489 aliqua
1451 3414 1515 3470 veri

316 3517 470 3576 vindicare
495 3517 656 3591 possimus,
701 3513 886 3590 Quicunque
917 3515 1093 3574 testimonia
1116 3515 1324 3572 Antoniniana
1350 3533 1420 3573 curn
1444 3515 1514 3572 Par-

316 3616 468 3676 thenianis
491 3616 710 3692 comparaverit
732 3624 766 3674 ut
789 3633 807 3672 a
828 3634 861 3675 re
880 3617 1035 3675 ordiamur
1055 3617 1197 3690 generali,
1227 3634 1385 3674 numerum
1407 3624 1514 3674 aucto·

315 3737 381 3776 rum
404 3726 437 3776 et
458 3718 688 3793 inscriptionum
718 3717 742 3774 si
769 3717 920 3792 respiciet,
953 3718 1073 3794 insigne
1095 3717 1175 3775 inter
1196 3726 1325 3793 utraque
1349 3718 1515 3776 discrimen

315 3818 546 3895 deprehendet:
572 3819 781 3894 producuntur
803 3818 834 3877 in
856 3818 1037 3878 Nicaeensis
1060 3827 1174 3895 poetae
1197 3819 1377 3878 collectione
1400 3819 1513 3878 fabula-

315 3917 405 3980 rum³
429 3920 534 3996 viginti
556 3929 675 3996 septem
702 3921 863 3996 scriptores
887 3929 918 3978 et
940 3920 1019 3978 tituli
1042 3920 1148 3995 viginti
1170 3922 1243 3998 du0,
1274 3922 1304 3980 in
1326 3922 1428 3979 libello
1450 3923 1514 3979 An-

413 4142 424 4181 ¹
442 4145 578 4196 Parthenii
597 4145 721 4196 libellum
741 4153 769 4196 ut
785 4145 883 4196 fontem
904 4147 1087 4196 secundarium
1108 4153 1133 4196 et
1152 4146 1228 4197 valde
1248 4148 1379 4197 turbatum
1403 4165 1418 4198 a
1437 4149 1513 4197 Pam-

314 4233 390 4298 philo
409 4249 462 4284 non
481 4240 630 4301 respectum
649 4249 710 4284 esse
729 4235 857 4286 existimo.
895 4235 927 4284 Id
946 4237 1019 4300 quod
1039 4237 1067 4284 in
1086 4236 1174 4286 sontes
1195 4236 1338 4301 inquirenti
1356 4237 1512 4286 Nicaeensis

314 4323 494 4388 compilatoris
511 4322 655 4373 tenendum
674 4323 733 4376 erit.

414 4405 483 4463 2Cs.
503 4428 528 4477 p.
547 4425 582 4475 44
602 4411 670 4464 diss

415 4493 427 4531 ⁸
445 4500 529 4550 Omisi
547 4506 680 4550 auctorum
702 4500 809 4551 nomina
824 4501 975 4567 praeposita
993 4501 1146 4565 fragmentis
1164 4502 1208 4553 hic
1227 4502 1284 4554 illic
1298 4487 1409 4564 insertis,
1429 4520 1512 4570 quon·

314 4587 367 4638 iam
386 4587 420 4637 de
440 4588 541 4652 origine
559 4604 648 4639 eorum
668 4589 765 4652 ambigi
784 4590 897 4640 sortasse
915 4597 1016 4655 potest3
1035 4592 1067 4641 cf.
1088 4592 1191 4641 Rohdii
1209 4592 1226 4645 1.
1248 4609 1270 4645 c.
1290 4611 1315 4660 p.
1340 4606 1389 4655 114
1409 4609 1467 4644 ann.
1488 4605 1512 4642 2.
