3490 5286
794 329 997 388 ..28-

299 525 503 610 προςντιέσχετο
522 525 632 605 δώσειν,
653 530 680 592 εἰ
697 529 772 616 αὐτῇ
791 537 843 610 τῆς
855 525 932 610 ὥρας
942 527 1084 611 ἐθελήσαι
1099 536 1151 610 τῆς
1163 527 1267 592 ἑαυτοῦ
1276 529 1460 612 χαρίσασθαι
1469 531 1490 596 ¹.

300 633 394 692 Paulo
428 641 500 709 post
532 652 559 692 v.
584 649 624 692 20
655 642 799 692 secuntur
830 652 909 710 quae
943 634 984 692 ad
1014 651 1075 692 rem
1104 635 1235 693 attinent
1269 632 1318 692 καλ
1354 630 1403 694 τὸν
1436 630 1494 712 μὲν

297 728 371 792 κύνα
394 732 443 792 καὶ
464 729 512 793 τὸν
533 729 638 794 ἄκοντα
654 729 796 812 λαμβάνει
812 728 961 812 Κέφαλος.
1005 734 1158 812 Cephalus
1180 753 1254 810 ergo
1277 735 1327 811 qui
1341 735 1415 794 nihil
1434 735 1493 794 nisi

298 833 431 892 iaculum
455 833 604 894 Procridis
630 836 747 914 petivit,
775 837 868 895 etiam
899 854 1008 895 canem
1036 837 1165 912 accepit.
1209 835 1295 894 Uxor
1321 855 1393 895 vero
1423 837 1492 914 plus

299 953 391 1010 quam
416 936 549 994 coniunx
571 938 745 1012 postulavit,
768 937 903 1012 pollicita
925 955 993 996 esse
1016 931 1157 997 dicitur?
1189 938 1284 1011 Quod
1306 937 1380 1013 quid
1402 937 1491 996 fuerit

299 1035 408 1094 frustra
430 1037 667 1113 interrogamus3
696 1037 880 1095 dubitationi
901 1037 991 1113 igitur
1011 1038 1060 1095 vix
1083 1039 1249 1096 obnoxium
1272 1045 1328 1106 est,
1350 1046 1422 1114 post
1442 1035 1491 1095 καὶ

298 1137 371 1214 quin
391 1132 467 1196 κύνα
493 1137 653 1198 exciderit:
674 1136 723 1195 καὶ
743 1126 857 1216 <κύνοι>
879 1133 1082 1216 σροςντιέσχετο
1104 1133 1207 1198 δώσειν
1228 1139 1285 1198 κτλ.

397 1256 425 1315 p.
443 1253 512 1313 237,
531 1255 570 1312 24
603 1239 696 1296 verba
723 1233 761 1317 ἢν
790 1232 826 1297 ἄν
852 1235 884 1298 ἐκ
911 1242 967 1298 τῶν
989 1234 1147 1317 Τηλεβύων
1171 1235 1246 1322 λάβῃ
1275 1257 1362 1298 suam
1385 1240 1492 1298 sedem

299 1339 513 1398 deseruerunt.
557 1339 646 1412 Quae
667 1348 739 1416 post
761 1335 839 1411 λείας
860 1334 898 1417 (v.
925 1357 940 1397 2
944 1338 976 1414 3)
999 1358 1149 1416 ponamus
1171 1349 1335 1418 propterea
1362 1358 1492 1399 necesse

298 1448 354 1509 est,
378 1441 463 1516 quod
486 1441 665 1517 Amphitruo
688 1449 797 1500 contra
819 1443 904 1499 solos
926 1441 1081 1500 Teleboas
1104 1439 1154 1520 (cl.
1179 1442 1279 1520 Apoll.
1299 1443 1337 1518 11,
1351 1458 1381 1515 4,
1398 1438 1491 1518 bsq.)

296 1549 486 1616 pugnaturus
509 1541 607 1602 fuerit.
643 1541 785 1602 Ceterum
811 1539 967 1620 Τηλεβοῶν
989 1543 1100 1600 rectius
1121 1542 1324 1620 exarabimus,
1347 1543 1492 1618 quoniam

300 1636 445 1719 Τηλεβόαι
469 1650 500 1700 et
522 1643 646 1700 omnino
669 1643 809 1702 usitatius
832 1652 934 1702 estet
957 1661 983 1705 v.
1009 1659 1047 1718 29
1071 1638 1120 1702 ἐπὶ
1145 1639 1294 1721 Τηλεβόας
1314 1643 1491 1720 reperimus.

298 1742 449 1818 Displicet
468 1751 571 1802 autem
586 1744 680 1803 etiam
702 1762 727 1804 v,
742 1759 779 1802 22
803 1736 832 1802 si
850 1763 892 1822 ys,
914 1762 984 1802 nam
1006 1752 1040 1802 ut
1061 1744 1189 1803 alteram
1211 1745 1350 1803 voculam
1367 1746 1491 1804 omnino

298 1844 382 1919 apud
394 1845 582 1903 Antoninum
598 1845 710 1904 deesse
725 1845 774 1902 hic
789 1845 936 1918 omittam,
953 1854 1165 1921 exspectamus
1186 1845 1290 1921 potius
1311 1839 1340 1905 εἴ
1355 1864 1426 1919 πως;
1452 1847 1491 1907 cf.

296 1964 325 2022 p.
341 1961 410 2020 217,
429 1946 467 2004 28
489 1941 636 2019 ἱκέτευσεν,
658 1940 687 2006 εἴ
705 1966 765 2018 πως
785 1943 857 2030 αὐτῇ
872 1941 1029 2007 ..δύναιτο
1051 1941 1187 2026 γενέσθαι
1210 1956 1241 2006 et
1269 1961 1339 2022 235,
1360 1965 1395 2024 13
1413 1943 1488 2007 ἒπει-

296 2041 393 2124 pata.
407 2091 414 2105 .
426 2040 455 2106 εἴ
474 2065 534 2117 κως
556 2041 635 2131 αύτῷ
656 2041 781 2105 δύναιτο.

396 2147 467 2206 Non
488 2165 598 2206 sanare
620 2147 758 2223 contigit,
780 2163 861 2223 quae
882 2166 914 2223 p.
928 2161 998 2222 237,
1015 2146 1053 2204 28
1076 2149 1219 2224 leguntur
1238 2147 1288 2209 καλ
1301 2145 1403 2227 ἐπειδὴ
1415 2145 1491 2225 Ἀμ-

297 2237 455 2328 φιτρύωνος
475 2243 565 2320 ἰόντος
585 2235 698 2326 ἐδεήθη
713 2242 1110 2323 Καδμείων...σονιτί9εται
1128 2243 1318 2328 Ἀμφιτρύων
1338 2251 1395 2312 κτλ.
1430 2251 1494 2308 Ge·

297 2350 433 2408 netivum
454 2349 535 2407 enim
558 2349 730 2408 absolutum
754 2348 822 2424 quis
846 2349 972 2406 tandem
996 2347 1220 2425 comprobare8
1241 2346 1364 2426 potest?
1393 2350 1490 2426 Aper-

297 2460 362 2510 tum
383 2451 483 2510 estin
504 2469 645 2520 οσισυντος
665 2449 780 2525 aliquid
801 2449 872 2506 novi
893 2450 999 2519 latere,
1028 2450 1279 2527 quandoquidem
1300 2437 1490 2529 Ἀμφιτρύων

296 2552 485 2611 nominativo
508 2552 647 2610 restituto
669 2551 739 2608 illae
760 2550 912 2608 litterulae
935 2559 1108 2626 supersunt.
1140 2551 1259 2624 Quibus
1282 2552 1355 2627 quid
1378 2550 1488 2610 faciam

298 2654 415 2713 animus
443 2653 577 2730 ambigit.
619 2653 764 2710 Fortasse
793 2652 899 2710 subest
928 2645 997 2710 ύσιῶ
1028 2654 1114 2729 quod
1137 2649 1317 2728 Apollodori
1341 2653 1491 2711 narratio·

297 2774 368 2814 nem
391 2752 422 2828 (l.
437 2750 504 2830 ο.)4
524 2755 549 2812 si
571 2770 793 2832 comparamus,
815 2754 858 2811 ita
873 2755 914 2812 ad
935 2754 1081 2812 orationis
1103 2763 1241 2812 tenorem
1263 2753 1490 2812 accommodari

297 2863 410 2934 potest,
431 2863 465 2914 ut
488 2855 580 2915 etiam
590 2853 765 2913 Antoninus
778 2852 1032 2930 Amphitruonem
1056 2852 1308 2911 aThebanorum
1329 2871 1402 2930 rege
1417 2862 1490 2914 ante

297 2957 407 3016 bellum
430 2957 592 3034 parricidio
615 2955 770 3031 expiatum
792 2971 861 3014 esse
884 2955 982 3013 obiter
1004 2955 1294 3015 commemoraverit
1326 2954 1491 3015 Praeterea

297 3059 328 3117 in
348 3060 460 3118 eadem
482 3059 693 3116 enuntiatione
714 3057 808 3116 levior
828 3057 962 3114 eluenda
983 3065 1033 3114 est
1054 3057 1188 3116 macula:
1222 3066 1293 3133 post
1324 3061 1490 3135 συστρατεύ-

297 3177 344 3220 σαι
368 3156 409 3238 (v.
422 3157 475 3236 30)
497 3159 545 3218 καλ
566 3177 658 3236 prave
680 3160 826 3216 intrusum
849 3166 897 3216 est
909 3155 931 3227 ⁵,
952 3175 1013 3234 quo
1035 3158 1139 3216 deleto
1161 3160 1230 3234 lego
1252 3154 1337 3218 κάπεὶ
1358 3155 1397 3236 δὴ
1416 3155 1490 3235 Ἀμ·

297 3256 424 3340 φιτρύων
439 3310 445 3324 .
461 3256 611 3341 ..ἐδεήθη
624 3311 628 3322 .
643 3309 649 3325 .
663 3263 892 3340 συστρατεῦσαι,
920 3255 948 3320 οἱ
975 3257 1001 3318 δ’
1024 3256 1099 3320 aaut
1118 3254 1232 3340 ἔφασαν
1247 3306 1254 3322 .
1274 3307 1280 3321 .
1299 3305 1305 3321 .
1329 3256 1492 3320 συντίθεται

295 3357 485 3443 Ἀμφιτρύων
505 3363 562 3426 κτλ.
594 3363 736 3422 Eandem
758 3371 940 3421 structuram
961 3361 1088 3438 legimus
1109 3381 1138 3438 p.
1155 3377 1224 3442 215,
1244 3379 1279 3437 13
1301 3357 1364 3421 ἒιιελ
1385 3357 1418 3422 δὲ
1439 3357 1490 3422 ού·

296 3459 378 3536 τούς.
392 3461 530 3547 ..λῃσταὶ
552 3453 779 3541 συνελάμβανον,
805 3456 833 3520 οἱ
859 3459 886 3521 δ
913 3458 1022 3520 ἐκτῶν
1050 3450 1167 3541 πύργων
1188 3455 1319 3538 ἔβαλλον,
1348 3465 1407 3540 κύρ
1431 3455 1491 3522 ἕνέ-

296 3565 388 3643 βαλον
409 3559 571 3645 (aoristum
592 3581 647 3642 pro
671 3564 850 3640 imperfecto
872 3560 1096 3638 revocabimus)
1114 3556 1142 3621 oi
1163 3563 1273 3634 κλιύιιες
1288 3559 1328 3635 εἰς
1348 3560 1384 3623 τὰ
1405 3559 1490 3623 οἰκία.

299 3666 473 3725 Pronomini
495 3684 566 3724 vero
589 3658 636 3724 ύδε
658 3665 756 3740 priore
778 3664 846 3724 loco
868 3682 959 3724 nemo
982 3674 1129 3742 patronus
1151 3663 1279 3722 exsistet
1300 3664 1390 3726 serie.

397 3795 497 3849 ¹Num
516 3798 625 3849 fortuita
643 3795 787 3848 similitudo
807 3812 865 3846 cum
884 3797 1007 3863 anonymi
1025 3797 1112 3848 verbis
1126 3795 1226 3865 (West.
1238 3797 1280 3851 ed.
1289 3814 1316 3865 p.
1328 3798 1389 3860 348,
1402 3798 1490 3864 16sq.)

296 3881 434 3956 ὑπέσχετο
445 3928 451 3940 .
463 3927 469 3940 .
481 3927 487 3940 .
497 3880 639 3958 μηνύσειν,
658 3873 707 3938 ἐὰν
724 3880 796 3953 αύτῷ
813 3883 859 3950 τῆς
877 3879 948 3952 ὥρας
965 3881 1181 3955 ἀποχαρίσηταιλ

396 3973 528 4043 2Nempe
547 3975 735 4026 animadvertas
754 3975 832 4025 velim
850 3975 1074 4042 praepositionem
1092 3970 1161 4043 πρὸς
1178 3976 1206 4026 in
1226 3976 1307 4026 verbo
1326 3975 1479 4042 composito.

397 4061 409 4099 ³
426 4065 499 4114 Talis
519 4065 657 4115 socordiae
675 4065 745 4130 apud
764 4063 930 4115 Antoninum
948 4079 981 4114 ne
1000 4080 1080 4114 unum
1098 4064 1203 4130 quidem
1222 4064 1318 4128 legitur
1336 4064 1491 4131 exemplum,

298 4155 374 4206 aliter
392 4170 456 4206 vero
475 4153 595 4221 exempla
617 4168 646 4204 se
665 4153 770 4214 habent,
794 4167 860 4218 quae
878 4151 1009 4203 Kuehner
1025 4152 1076 4204 lc.
1093 4151 1197 4219 §494a
1212 4152 1335 4217 collegit3
1359 4153 1390 4205 cl.
1412 4152 1490 4204 etiam

296 4241 412 4293 Useneri
433 4241 484 4294 l.c.
496 4257 521 4307 p.
533 4253 566 4306 33
589 4236 649 4292 ‘den
671 4241 775 4305 genetiv
797 4241 933 4292 absolutus
957 4241 1002 4290 bei
1021 4241 1150 4304 gleichem
1175 4240 1284 4307 Subject
1306 4241 1352 4292 hat
1370 4242 1400 4294 P.
1420 4241 1490 4292 noch

296 4330 438 4382 mehrmals
450 4366 472 4383 ..
483 4369 489 4383 .
500 4337 553 4380 erst
571 4329 654 4380 durch
673 4324 922 4394 Verwahrlosung'.

394 4415 407 4452 ⁴
423 4410 598 4488 Ἀμφιτρύων
608 4455 614 4469 .
626 4459 632 4471 ,
644 4457 649 4470 .
661 4411 885 4488 παραγενόμενος
906 4419 944 4476 εὶς
962 4411 1052 4485 Θήβας
1073 4413 1128 4473 tut
1152 4419 1287 4485 Κρέοντος
1310 4414 1430 4486 ἡγνίσθη

297 4505 344 4559 int
364 4498 502 4573 Τηλεβόας
520 4500 657 4574 στρατεύει
672 4499 841 4578 Ἀμφιτρύων
858 4507 904 4558 καὶ
921 4500 1067 4574 παρεκάλει
1088 4506 1272 4572 συλλαβέσθαι
1292 4509 1423 4574 Κρέοντα.

396 4591 409 4628 ⁵
426 4595 506 4660 Quod
525 4595 621 4647 sactum
639 4596 773 4647 asteriam
791 4612 816 4662 p.
827 4608 887 4662 2⁰7·
902 4608 933 4662 17
953 4603 979 4647 et
1001 4607 1061 4660 232,
1075 4605 1097 4661 5.

396 4679 457 4734 ⁰In
476 4685 568 4736 codice
587 4685 614 4736 ol
632 4683 658 4736 δ’
677 4678 726 4737 οὐκ
744 4685 890 4738 rectissime
912 4684 950 4738 sio
968 4690 1070 4736 exarata
1087 4691 1155 4736 sunt
