3490 5286
760 383 947 442 ...,..

257 562 313 624 est,
335 555 419 629 quod
441 572 469 630 p.
487 568 557 630 207,
577 567 612 628 17
635 550 684 612 rui
707 553 792 628 quod
814 559 886 610 ante
902 545 1015 622 ’Ἄνθος
1037 551 1219 610 collocatum
1242 561 1298 617 est.
1330 551 1453 610 tolerari

257 673 319 712 non
346 662 458 732 potest,
487 655 600 731 quippe
623 653 709 730 quod
731 654 905 711 Antoninus
931 660 984 711 aut
1005 653 1175 728 repetiisset
1198 685 1235 694 —-
1259 652 1317 712 hoc
1338 654 1367 710 ei
1392 654 1453 710 usi-

258 755 439 814 tatissimum
461 763 509 813 est
534 785 569 796 -
596 763 650 812 aut
672 754 797 812 omnino
823 755 946 812 nomina
970 747 1129 824 ἀσυνδὲτως
1154 761 1378 824 enumerasset;
1412 753 1452 815 cf.

258 876 288 933 p.
306 872 376 931 202,
396 855 442 917 18.
461 873 509 917 20.

355 977 384 1034 p.
401 973 471 1035 207,
488 975 527 1034 24
549 962 590 1021 de
612 957 743 1016 nominis
756 957 862 1016 Erodii
883 957 1049 1034 veriloquio
1069 975 1149 1034 quae
1163 957 1357 1033 proferuntur
1379 950 1452 1016 ὠνό-

256 1077 333 1135 μασε
354 1048 573 1136 ...Ἔρωδιόη
600 1056 663 1119 a‘usi
685 1055 774 1118 uiulv
797 1053 926 1137 ἡρώησεν
956 1047 971 1117 ὁ
994 1061 1088 1136 χῶρος
1113 1058 1195 1116 nihili
1217 1067 1296 1120 sunt.
1339 1058 1453 1136 Xylau-

259 1155 338 1219 derl
366 1179 404 1218 ea
430 1161 474 1219 sic
502 1161 602 1220 vertit:
636 1156 801 1219 ‘Erodium
828 1159 998 1236 appellavit,
1028 1161 1120 1235 quod,
1139 1161 1238 1235 ipsum
1265 1160 1454 1219 destituisset

257 1251 354 1321 terra'.
399 1262 603 1336 Relragantur
632 1258 714 1338 ἕρωῶ
740 1261 823 1320 vocis
851 1268 882 1319 et
908 1260 1088 1337 significatio
1112 1269 1143 1318 et
1165 1269 1315 1318 structura
1325 1257 1346 1320 2.
1391 1260 1454 1318 Lo-

260 1363 376 1438 quendi
398 1363 632 1422 satisfecerimus
655 1363 732 1439 usui,
755 1363 780 1420 si
802 1362 1009 1421 exarabimus:
1031 1357 1092 1420 ἐπεὶ
1114 1357 1202 1433 αὐτὸς
1221 1357 1290 1432 (ie.
1308 1355 1454 1436 Erodius)

261 1453 389 1542 ἠρώησεν
409 1461 459 1522 τοῦ
475 1459 584 1542 χώρου,
605 1465 624 1523 i.
641 1482 666 1522 e.
687 1457 789 1539 ‘quod
811 1464 860 1521 ille
883 1481 989 1539 agrurn
1014 1451 1167 1522 deseruiti
1207 1464 1363 1538 Xylander
1383 1480 1455 1519 vero

262 1565 313 1640 qui
343 1566 483 1642 vulgatae
511 1566 651 1624 lectionis
678 1565 771 1625 hodie
800 1565 907 1624 unicus
937 1564 1004 1624 fons
1032 1573 1081 1622 est
1093 1561 1113 1634 ³,
1142 1564 1256 1623 codicis
1279 1565 1455 1641 scripturam

263 1684 318 1724 suo
340 1662 462 1726 Marte*
483 1669 667 1726 emendasse
687 1668 817 1727 videtur.

360 1768 431 1842 Quo
454 1768 572 1844 longius
595 1769 812 1846 progredimur,
836 1785 873 1824 eo
896 1767 984 1842 peius
1006 1768 1139 1826 narratio
1162 1767 1295 1825 mulcata
1309 1776 1371 1841 est;
1394 1767 1457 1842 igni

239 1879 292 1936 ‚et
320 1869 399 1928 ferro
427 1888 505 1947 opus
534 1879 592 1939 est,
622 1878 657 1928 ut
686 1870 717 1928 in
743 1869 910 1946 genuinum
939 1876 1053 1926 statum
1086 1868 1227 1927 fabellam
1252 1868 1456 1928 restituamus.

261 1971 361 2046 Atque
381 1971 413 2029 in
435 1973 605 2048 glossarum
627 1971 704 2029 serie
727 1988 803 2047 quas
827 1977 1057 2027 enumeraturus
1085 1987 1161 2038 sum,
1188 1969 1284 2044 prima
1306 1969 1457 2027 invenitur

261 2090 290 2147 p.
309 2085 380 2146 207,
398 2085 447 2146 27,
478 2072 530 2129 ubi
557 2072 678 2131 Anthus
709 2089 763 2129 cur
789 2071 898 2128 iterum
925 2072 1063 2129 tradatur
1088 2069 1224 2128 Autonoi
1250 2069 1326 2128 filius
1354 2069 1456 2141 fuisse,

263 2171 398 2247 intellegi
418 2172 533 2248 nequit.
576 2173 695 2248 Nempe
717 2172 914 2250 repetitiones
936 2171 1060 2248 reperiri
1082 2172 1166 2248 apud
1189 2165 1402 2229 Antoninum⁶
1423 2177 1457 2226 ut

265 2274 480 2344 concedamus,
501 2270 553 2332 roi·
563 2269 720 2332 Αὐτονόου
735 2273 801 2344 παῖς
823 2282 986 2351 postquam
1013 2274 1052 2330 de
1075 2273 1184 2331 ceteris
1200 2271 1335 2329 Autonoi
1357 2267 1457 2327 liberis

266 2391 365 2431 sermo
388 2370 477 2443 fuitt
500 2383 563 2432 tam
584 2374 694 2433 odiosa
709 2383 740 2432 et
761 2375 947 2451 permolesta
968 2375 1087 2432 tattone
1109 2375 1150 2432 ad
1164 2372 1299 2432 Anthum
1320 2371 1458 2430 additum

271 2547 464 2555 ——

366 2667 377 2706 ¹
395 2673 435 2725 Ci.
454 2671 547 2722 Koch.
565 2672 606 2723 ed.
624 2689 650 2738 p.
665 2673 697 2734 63
716 2671 794 2723 infra.

363 2757 472 2828 2ἒρωῶ
493 2761 612 2810 Homero
632 2760 743 2811 maxime
762 2768 897 2826 acceptum
915 2767 1009 2826 postea
1032 2777 1048 2809 a
1072 2760 1158 2826 poetis
1179 2759 1367 2810 Alexandrinis
1387 2775 1458 2810 usur-

265 2856 353 2916 patum
370 2855 417 2901 est.
454 2848 592 2912 Significat
605 2856 692 2899 autem
704 2849 815 2915 primum
830 2849 964 2899 transitivo
978 2864 1058 2898 sensu
1075 2848 1233 2914 ‘depellere¹
1247 2849 1367 2898 detinere
1381 2848 1458 2914 alqm.

267 2938 299 2987 ab
317 2938 404 3004 aliqua
416 2931 468 3004 re',
482 2937 752 2987 deindeintrausitivo
766 2937 843 2987 modo
857 2932 1038 3002 ‘profundere5
1052 2937 1154 2996 cedere,
1171 2937 1299 2987 desistere
1318 2937 1352 2986 de
1371 2936 1459 3002 aliqua

267 3017 318 3083 re',
344 3040 395 3090 qua
418 3025 446 3074 in
467 3025 658 3088 significatione
683 3025 752 3090 apud
772 3027 916 3074 Homerum
936 3022 1031 3094 iqweiv
1054 3042 1108 3076 nou
1127 3025 1208 3075 habet
1226 3024 1278 3075 nisi
1296 3025 1460 3090 genetivum

267 3114 336 3179 apud
356 3113 524 3164 Theocritum
548 3129 610 3162 vero
634 3114 714 3176 XIII,
736 3126 769 3178 74
795 3118 822 3163 et
846 3114 956 3172 XXIV,
975 3125 1021 3164 101
1049 3115 1126 3165 etiarn
1151 3114 1311 3164 accusativus
1335 3113 1459 3179 sequitur.

267 3201 347 3253 Unde
366 3217 426 3252 eum
445 3202 580 3252 Antonino
599 3201 643 3251 vel
662 3203 736 3252 Boeo
755 3217 833 3268 quern
853 3203 1005 3268 compilavit
1023 3203 1101 3268 prior,
1125 3202 1252 3268 imputare
1271 3217 1329 3251 curn
1350 3200 1461 3266 scriptor

268 3284 459 3357 ὀρνιθογονίας
478 3290 516 3340 vir
535 3305 596 3339 vere
605 3289 803 3340 Alexandrinus
822 3289 901 3340 fuerit
919 3287 964 3356 (ci.
976 3291 1098 3343 Knaack.
1117 3290 1134 3342 l.
1147 3307 1169 3340 c.
1182 3307 1208 3356 p.
1219 3288 1257 3358 3),
1276 3289 1388 3340 sortasse
1406 3305 1460 3339 non

268 3379 432 3429 temerarium
451 3379 493 3430 sit.
531 3379 624 3443 Itaque
642 3376 703 3429 ἐπεὶ
721 3370 802 3434 αὐτὸς
819 3369 942 3444 ἡρώησεν
959 3372 1008 3428 τὸν
1023 3377 1117 3446 χῶρον
1136 3379 1157 3428 si
1175 3379 1233 3445 quis
1246 3378 1359 3429 scribere
1372 3375 1460 3442 malet,

269 3466 388 3532 equidem
406 3467 477 3517 haud
498 3467 660 3533 repugnabo.
697 3467 844 3518 Buecheler
860 3483 920 3518 vero
940 3468 989 3517 sub
1008 3461 1092 3519 αὐτὸν
1110 3483 1208 3518 nomen
1225 3468 1367 3518 verbumve
1387 3465 1460 3517 aliud

270 3551 351 3602 latere
369 3553 522 3619 suspicatur.

369 3636 422 3690 ³E
444 3642 535 3692 codice
554 3642 676 3692 Palatino
702 3643 754 3693 duo
778 3643 826 3693 illa
847 3644 912 3695 solia
936 3645 1080 3710 inquibus
1104 3645 1207 3696 fabulae
1229 3647 1254 3706 6,
1267 3657 1291 3712 7,
1307 3645 1322 3695 8
1341 3649 1461 3694 exaratae

269 3735 348 3790 erant,
368 3738 429 3796 post
446 3728 579 3796 Xylaudri
597 3738 707 3782 aetatem
727 3732 815 3782 evulsa
834 3740 901 3783 sunt.

367 3814 460 3884 41pse
484 3819 549 3868 dixit
566 3819 594 3869 in
612 3821 778 3872 annotatione
802 3823 835 3872 ad
856 3823 956 3874 lab.1o
975 3840 1001 3889 p.
1015 3834 1065 3889 315
1086 3824 1128 3876 ed.
1148 3839 1210 3873 suae
1229 3822 1369 3883 Antonini,
1394 3837 1461 3887 quae

269 3907 368 3974 prodiit
380 3908 503 3958 Basileae
523 3909 598 3976 1568,
617 3909 712 3959 ‘multa
723 3911 822 3976 passim
840 3911 980 3978 perspicue
999 3912 1142 3978 depravata
1160 3927 1192 3962 ex
1205 3911 1312 3974 iugenio
1332 3926 1362 3961 ac
1381 3925 1460 3960 sensu

269 3997 379 4048 correxi:
399 4012 467 4062 quae
485 3998 574 4047 omnia
591 4006 716 4049 annotare
732 4015 784 4049 non
803 4005 859 4050 erat
878 4016 972 4066 operae
991 4001 1102 4066 pretium
1109 3999 1125 4050 ².
1162 4001 1193 4048 In
1211 3999 1379 4049 annotatione
1398 4013 1461 4049 vero

271 4099 347 4149 quam
366 4086 399 4135 ad
418 4092 536 4138 nostrum
560 4087 647 4138 locum
667 4087 779 4155 scripsit,
798 4088 923 4151 legimus:
952 4089 1015 4152 ‘ego
1041 4083 1124 4140 αὐτὸν
1148 4087 1204 4151 legi
1226 4094 1253 4137 et
1276 4086 1395 4157 λειμῶνα
1413 4102 1461 4152 pro

269 4171 393 4242 χειμῶνα
408 4174 541 4242 reposui’;
561 4176 716 4241 quibuscum
734 4177 862 4237 conseras,
881 4193 947 4244 quae
961 4179 993 4228 ad
1013 4171 1097 4234 orirer
1114 4176 1151 4243 (p.
1162 4177 1222 4236 208,
1237 4175 1265 4244 3)
1284 4176 1463 4228 annotaverit:
1519 4182 1522 4187 '

271 4254 351 4312 ‘niro
368 4261 430 4326 legi,
448 4279 507 4314 cum
524 4263 664 4329 reperirem
682 4255 780 4316 oir'nw'.
821 4265 891 4330 Quid
911 4281 972 4330 ergo
992 4282 1071 4331 supra
1082 4266 1220 4332 invenerit,
1236 4265 1264 4315 in
1281 4265 1405 4327 ambiguo
1423 4280 1462 4314 re-

270 4348 361 4399 lictum
379 4356 426 4402 est.

370 4435 383 4472 5
399 4440 442 4489 De
460 4442 556 4507 quibus
573 4443 656 4493 altero
676 4443 760 4511 capite
778 4444 840 4496 diss.
859 4459 942 4506 agam.

370 4524 381 4561 ⁶
399 4529 497 4581 Mirum
516 4538 557 4582 est
575 4533 609 4584 de
618 4532 702 4583 Anthi
721 4533 833 4583 nominis
851 4531 996 4598 veriloquio
1016 4532 1079 4582 satis
1097 4531 1236 4597 perspicuo
1255 4530 1292 4579 nil
1310 4535 1387 4580 antea
1404 4546 1463 4596 pro·

272 4617 342 4678 ferri,
359 4617 386 4666 id
406 4620 480 4684 quod
500 4621 610 4672 sortasse
630 4621 808 4687 compilatoris
827 4621 1010 4684 neglegentiae
1029 4620 1196 4671 tribuendum
1218 4625 1264 4669 est.
