3490 5286
773 386 979 442 ‚54-

278 573 306 630 p.
321 549 374 632 43)
397 569 565 629 apponam:
586 549 758 609 ‘Nicandro
782 549 975 608 confidenter
997 550 1174 608 ascribimus
1198 551 1257 608 lah.
1274 566 1314 622 40
1327 593 1352 610 ..
1368 567 1474 626 .prae-

280 656 381 713 sertim
405 673 471 712 cum
494 655 543 711 illa
566 653 667 710 fabula
691 671 754 708 non
779 660 841 708 tam
861 645 1089 728 μεταμόρᾳωσιν
1119 669 1211 726 quam
1233 647 1397 726 ἀφανισμὸν
1423 650 1474 706 ali·

279 775 368 832 quem
390 756 557 825 contineat,
581 754 677 830 qualis
703 754 734 811 in
757 751 902 810 Nicandri
923 744 1143 829 ἑτεροιουμένοις
1170 753 1209 810 ab
1233 752 1391 810 Antonino
1414 770 1474 810 ser·

279 857 356 915 vatis
386 857 506 932 saepius
539 873 628 931 quam
661 855 692 912 in
723 853 907 928 reliquorum
941 859 1100 910 auctorum
1123 853 1260 911 videmus
1286 853 1472 910 mentionem

280 957 393 1016 saetam
415 958 478 1015 sive
503 966 613 1033 perse
636 955 727 1031 positi
751 955 812 1013 sive
835 973 905 1012 cum
921 954 1160 1029 metamorphosi
1180 957 1314 1029 quadam
1337 956 1384 1012 vel
1406 973 1473 1012 cum

278 1056 381 1131 aliquo
412 1056 471 1113 alio
505 1055 632 1113 artificio
656 1049 834 1112 coniuncti'.
879 1053 947 1111 Alia
981 1071 1073 1112 causa
1096 1063 1219 1130 praesto
1253 1063 1310 1120 est,
1346 1075 1397 1113 eur
1429 1057 1473 1114 sa·

278 1159 368 1216 bulae
383 1174 421 1234 37
446 1167 571 1234 poetam
587 1157 811 1232 Colophonium
832 1165 1002 1214 statuamus
1018 1165 1185 1231 parentem.
1230 1157 1286 1214 Est
1309 1157 1409 1216 fabula
1432 1159 1472 1214 de

279 1260 438 1318 Diomedis
461 1269 532 1335 post
554 1259 689 1317 deletam
712 1258 837 1316 Troiam
859 1257 940 1317 fatis.
985 1257 1085 1316 Primo
1110 1267 1212 1316 autem
1233 1258 1324 1316 heros
1345 1259 1472 1316 clarissi-

279 1377 346 1418 mus
368 1361 477 1420 Oeneo
509 1378 566 1417 avo
599 1360 630 1416 in
664 1359 738 1416 urbe
763 1358 921 1436 Calydone
942 1373 1066 1435 regnum
1091 1360 1266 1430 restituisse,
1305 1359 1419 1416 deinde
1442 1358 1472 1415 in

278 1461 396 1519 ltaliam
429 1463 471 1520 ad
493 1461 648 1519 Daunium
681 1478 784 1534 regem
818 1460 1080 1534 transmigravisse
1114 1478 1182 1516 curn
1215 1461 1304 1518 sociis
1335 1459 1472 1518 traditur.

279 1562 407 1620 Dauniis
437 1579 508 1619 vero
545 1578 614 1618 cum
636 1579 728 1636 opem
751 1567 857 1618 contra
879 1559 1053 1635 lllessapios
1076 1561 1202 1634 tulisset,
1224 1560 1314 1618 liliam
1343 1559 1422 1635 regis
1443 1561 1474 1616 iu

279 1663 503 1722 matrimonium
523 1663 612 1719 duxit
633 1681 659 1722 e.
683 1680 711 1736 q.
734 1680 757 1719 s.
782 1659 970 1719 Nicandrum
991 1679 1054 1718 non
1077 1661 1171 1718 modo
1195 1662 1236 1718 de
1252 1660 1360 1720 Oeneo
1384 1661 1473 1718 tertio

278 1757 614 1840 ineptirorrps'mrvlibro1
636 1764 692 1820 sed
715 1763 807 1820 etiam
830 1764 870 1820 de
893 1763 1005 1820 eodem
1027 1761 1152 1820 Daunio
1174 1773 1205 1822 et
1226 1763 1334 1820 iisdem
1355 1762 1474 1820 Messa·

278 1861 352 1940 piis2
374 1866 530 1941 quomodo
560 1865 590 1922 in
614 1865 731 1922 ltaliam
755 1864 1020 1937 commigraverint
1046 1873 1217 1939 terramque
1238 1865 1317 1922 iuter
1351 1882 1384 1921 se
1414 1866 1474 1922 dis·

279 1967 444 2036 tribuerint,
467 1967 604 2024 secundo
628 1959 847 2042 ἓτεροιουμένων
868 1966 943 2023 libro
967 1965 1031 2023 suse
1052 1967 1225 2041 etcopiose
1247 1966 1400 2024 rettulisse
1422 1985 1472 2022 ex·

278 2067 429 2140 ploratum
452 2067 607 2124 habemus.
651 2065 735 2138 Quid
768 2067 859 2140 igitur
888 2068 1011 2142 propius
1033 2067 1129 2136 abest,
1161 2085 1252 2142 quam
1285 2078 1318 2125 ut
1346 2064 1473 2143 postea3

279 2167 464 2225 Nicandrum
487 2167 579 2225 etiarn
602 2176 727 2224 nostrae
749 2167 872 2224 fabulae
895 2176 1088 2242 persecutum
1116 2186 1183 2226 esse
1206 2169 1362 2226 historiam
1396 2169 1472 2226 arbi-

279 2263 410 2325 tremur?
455 2266 543 2339 Quae
565 2287 637 2326 cum
658 2269 701 2325 ita
724 2269 792 2342 sint,
827 2267 1047 2342 simplicissima
1080 2269 1228 2326 mehercle
1264 2270 1303 2326 de
1328 2270 1472 2326 Antonini

279 2370 412 2428 lontibus
435 2369 588 2445 expositio
607 2370 694 2426 lieret
716 2378 748 2426 et
770 2369 899 2427 maxime
922 2370 1082 2440 credibilis
1107 2371 1131 2427 si
1154 2372 1247 2428 etiam
1271 2369 1353 2430 labb.
1377 2386 1415 2443 33
1441 2381 1473 2427 et

278 2484 318 2545 39
341 2467 460 2528 eidem4
482 2471 531 2528 eui
553 2480 673 2527 ceteras
695 2488 801 2528 ornnes
822 2469 938 2528 fabulas
954 2471 1138 2540 addiximus
1156 2481 1267 2546 poetae
1284 2473 1416 2529 tribuere
1439 2473 1473 2529 li-

279 2581 371 2630 ceret.
417 2570 487 2630 Non
518 2571 609 2630 licere
631 2571 732 2630 adhuc
756 2573 902 2630 dolemus.
947 2572 1094 2648 Appinxit
1127 2573 1209 2630 enim
1232 2573 1397 2630 scholiasta
1431 2574 1472 2631 ad

278 2672 358 2729 illam
381 2675 421 2729 de
443 2673 591 2732 Alcmena
613 2672 744 2730 fabulam
767 2670 809 2748 (p.
835 2689 905 2741 220,
934 2666 986 2752 28)
1008 2667 1115 2750 lorensi
1138 2669 1307 2750 Φερεκύδης,
1330 2675 1372 2732 ad
1395 2673 1473 2732 hanc

278 2792 339 2848 qua
362 2776 401 2832 de
417 2774 641 2848 Arceophontis
664 2775 774 2832 misera
795 2783 893 2832 morte
917 2775 1024 2849 agitur,
1047 2769 1153 2851 ἱστορεῖ
1170 2769 1362 2851 Ἑρμησιάναξ
1378 2775 1472 2832 Λεον-

278 2870 358 2932 rr‘on5
379 2865 421 2950 β’.
464 2875 504 2933 Et
527 2884 561 2933 ut
577 2874 760 2951 Pherecydis
777 2874 932 2934 obsoletos
948 2877 1039 2932 libros
1062 2875 1294 2951 acompilatore
1317 2877 1471 2952 inspectos

279 2993 346 3032 esse
379 2976 549 3052 praefracte
582 2995 730 3052 negemus
739 2973 761 3046 θ,
795 2978 835 3035 de
857 2975 1119 3034 Hermesianactis
1141 2976 1271 3033 Leontio
1302 2994 1409 3033 vereor
1441 2983 1475 3033 ut

379 3215 389 3252 ¹
407 3219 447 3270 Cf.
466 3217 549 3268 schol.
569 3219 622 3269 fab.
643 3231 667 3270 2.

381 3303 393 3342 2
411 3307 481 3357 Vide
498 3307 551 3357 sab.
573 3319 615 3371 31.

380 3393 392 3430 ³
409 3397 570 3446 Nicandrum
590 3397 658 3447 enim
675 3397 703 3447 in
722 3396 771 3447 hac
789 3396 893 3462 quidem
915 3413 943 3446 re
962 3404 1108 3462 temporum
1126 3399 1251 3448 rationem
1271 3399 1401 3462 quandam
1430 3399 1476 3448 ha·

280 3485 368 3534 buisse
397 3485 474 3534 facile
502 3485 637 3536 intellectu
665 3493 718 3544 est;
747 3501 810 3548 ergo
840 3486 908 3536 inter
932 3487 1035 3536 tertium
1061 3494 1181 3552 quartum
1209 3487 1326 3550 quintum
1355 3487 1474 3536 heteroc-

277 3589 391 3622 umenon
418 3573 500 3624 libros
529 3575 601 3640 optio
630 3575 707 3624 nobis
726 3575 810 3624 datur.
848 3575 951 3624 Fabula
979 3576 1013 3624 de
1032 3576 1168 3626 Teumesia
1191 3574 1268 3640 vulpe
1288 3576 1397 3625 fortasse
1423 3577 1474 3625 iarn

278 3663 361 3727 primo
389 3663 456 3712 libro
486 3671 593 3713 tractata
622 3671 676 3724 est,
715 3664 736 3712 si
765 3664 815 3713 huc
849 3665 962 3731 pertinet
991 3664 1117 3714 Nicandri
1144 3665 1191 3726 frg.
1218 3665 1249 3726 63
1290 3657 1474 3724 'Arrrrmm‘lnu

278 3741 415 3816 ῥωὴροιος,
439 3767 506 3818 quae
526 3751 589 3801 urbs
607 3751 767 3817 Taphiorum
797 3752 852 3818 suit,
875 3760 965 3802 contra
993 3769 1059 3819 quos
1079 3751 1235 3817 Amphitruo
1262 3769 1288 3818 p.
1307 3764 1367 3816 237,
1389 3765 1421 3816 24
1450 3759 1475 3802 et

280 3851 311 3900 29
327 3833 472 3906 (Τηλεβόαι
493 3840 627 3906 antiquum
646 3855 744 3890 nornen
758 3840 920 3906 Taphiorum
939 3841 997 3904 suit)
1018 3841 1118 3890 bellum
1137 3848 1258 3903 gesturus
1277 3841 1357 3890 fuisse
1372 3841 1474 3891 dicitur.

278 3928 355 3978 Alias
369 3929 498 3978 Antonini
516 3928 620 3978 fabulas
640 3920 799 3996 ἀνωνύμους
818 3930 895 3979 certis
916 3929 1072 3979 Nicandreis
1090 3929 1163 3978 libris
1182 3929 1313 3978 vindicare
1332 3945 1386 3977 non
1404 3929 1473 3978 licet.

279 4019 393 4081 Quartus
407 4017 512 4082 quidem
528 4018 597 4067 liber
610 4017 832 4069 heteroeumenon
852 4035 866 4068 e
885 4036 937 4086 quo
957 4035 1052 4068 novem
1071 4019 1229 4068 narrationes
1248 4024 1314 4067 teste
1334 4017 1475 4067 scholiasta

278 4107 408 4156 Antonini
422 4107 532 4156 haustae
552 4114 621 4171 sunt,
639 4108 788 4158 incensum
807 4109 896 4157 venire
914 4109 956 4156 vix
970 4113 1058 4172 potest
1097 4108 1196 4156 Omnes
1212 4108 1322 4156 sortasse
1342 4107 1396 4156 eius
1415 4107 1474 4155 libri

278 4196 439 4246 narrationes
459 4202 594 4261 excerptas
613 4195 747 4257 habemus,
767 4213 852 4263 neque
865 4197 976 4248 Ovidius
996 4196 1055 4261 plus
1075 4204 1183 4246 octonas
1202 4206 1246 4246 aut
1265 4212 1348 4245 nonas
1370 4197 1473 4246 fabulas

279 4284 388 4347 singulis
407 4283 651 4350 metamorphoseon
670 4286 743 4336 libris
763 4292 871 4335 tractare
890 4285 980 4335 solitus
1001 4291 1048 4336 est.

376 4367 497 4422 4Boeus
518 4373 586 4422 enim
606 4373 657 4423 huc
676 4390 729 4424 non
748 4375 815 4426 facit.

378 4457 390 4495 ⁵
407 4461 450 4511 Sic
469 4463 569 4512 correxi
587 4465 710 4530 Λεοντίῳ
729 4463 802 4528 qnod
822 4462 976 4525 divulgatur.

378 4545 540 4600 ⁶Nicander
559 4558 646 4601 autem
670 4559 740 4601 certe
759 4551 820 4601 alias
841 4552 875 4601 de
894 4552 1010 4602 Hercule
1028 4551 1132 4600 fabulas
1152 4551 1266 4608 rettulit;
1296 4553 1329 4602 ci.
1356 4553 1427 4604 sabb.
1446 4569 1472 4618 4,

280 4639 321 4699 26,
339 4639 464 4706 imprimis
483 4651 526 4702 29.
562 4644 605 4690 Ac
624 4656 657 4690 ne
681 4640 733 4690 hoc
752 4639 857 4706 quidem
877 4640 1078 4704 neglegendum,
1098 4641 1170 4706 quod
1189 4640 1290 4690 scholia
1315 4642 1343 4690 in
1361 4648 1474 4691 extrema

279 4733 351 4792 parte
369 4727 453 4778 libelli
473 4730 647 4790 inveniuntur,
668 4731 765 4796 inqua
784 4729 891 4780 omnino
911 4729 993 4778 multo
1013 4728 1193 4794 neglegentior
1212 4729 1355 4780 scholiasta
1375 4730 1430 4779 luit.
