3490 5286
764 338 951 396 -3-

259 515 314 572 lov
339 507 538 588 ὀνομάζοντες·
567 504 595 570 οἱ
625 505 657 570 δὲ
682 505 772 582 ἄλλοι,
800 504 979 587 Κτήουλλαν
1006 503 1151 588 issima.
1197 509 1318 570 Bastius
1342 505 1457 590 Ἀφρο-

260 611 320 698 δίιῃ
353 623 425 674 ante
452 611 603 691 ’ίουλιῆναι
629 611 797 686 collocavit,
823 611 996 670 Perizonius
1028 621 1129 670 autem
1154 606 1329 690 Ἀφροδίιην
1354 631 1456 672 emen·

258 717 352 784 davit,
385 716 418 773 id
453 715 539 792 quod
568 712 770 781 Valckenarii,
805 711 982 790 Hermanni,
1016 708 1217 770 Schneideri¹
1249 712 1316 771 tulit
1350 731 1456 772 assen-

259 834 334 876 sum.
396 815 497 889 Quam
535 815 741 873 coniecturam
777 814 802 871 si
840 814 1063 892 amplectimur,
1103 814 1202 872 omnis
1239 822 1272 872 ut
1303 815 1455 890 suspicor,

258 925 431 975 removetur
455 915 630 984 difficultas,
660 932 740 992 quae
769 923 801 972 et
833 933 852 973 a
876 914 1072 990 grammatica
1098 922 1131 972 et
1161 933 1179 973 a
1212 933 1304 974 sensu
1336 916 1369 973 in
1404 933 1456 974 co·

257 1021 333 1077 dicis
366 1019 514 1093 scriptura
550 1017 616 1076 sine
656 1016 752 1074 dubio
789 1017 878 1076 inest.
933 1016 1064 1075 Tradita
1103 1015 1194 1074 verba
1233 1015 1454 1076 Broenstedius

257 1113 310 1192 (cf.
339 1118 438 1179 Koch.
467 1137 496 1194 p.
520 1116 576 1176 108
601 1113 660 1194 sq.)
689 1117 800 1177 frustra
829 1117 977 1188 defendit,
1006 1117 1058 1193 qui
1083 1117 1126 1176 ad
1151 1110 1179 1175 οἱ
1205 1111 1236 1176 δὲ
1265 1113 1345 1176 ἄλλοι
1371 1116 1454 1196 Κτή-

256 1221 364 1278 συλλαν
389 1213 526 1298 ἑκαέογην
551 1236 615 1278 non
640 1220 736 1277 modo
762 1213 946 1294 ὀνομάζοντες
979 1219 1036 1276 sed
1063 1219 1156 1277 etiam
1182 1212 1289 1278 θύουσι
1320 1216 1452 1302 ῐῇΚιη-

256 1316 346 1402 σκίλλῃ
375 1321 528 1379 subaudit.
572 1320 703 1378 Accedit
734 1320 828 1380 aliud.
873 1319 1029 1396 Scriptura
1055 1319 1080 1378 si
1108 1327 1193 1378 recte
1220 1337 1292 1378 sese
1325 1319 1454 1378 haberet

257 1421 379 1490 tradita,
401 1415 588 1497 ὀνομάζοντες
606 1421 675 1479 ferri
697 1439 761 1478 non
783 1429 899 1497 posset,
922 1438 1000 1497 opus
1022 1429 1106 1480 esset
1126 1415 1356 1497 ἐπονομάζοντες.
1385 1422 1454 1480 Fal·
1486 1439 1488 1444 ·

257 1539 323 1579 sum
346 1522 426 1580 enim
448 1530 496 1580 est
507 1522 661 1580 Venerem
685 1523 777 1580 deam
799 1521 838 1579 ab
857 1521 971 1580 Iulietis
984 1520 1147 1598 Ctesyllam
1169 1523 1357 1599 appellatam
1372 1540 1451 1593 esse,

256 1622 346 1680 immo
367 1623 409 1680 ita
431 1623 679 1698 cognominatam
703 1621 795 1681 luisse
812 1621 927 1680 diserte
943 1630 1036 1681 antea
1049 1623 1164 1682 dictum
1186 1632 1248 1680 est:
1272 1615 1352 1700 ἱερὸν
1373 1619 1453 1700 παρὰ

254 1725 309 1795 τοῖς
333 1717 500 1800 Ἰουλιήταις
525 1718 681 1800 ἐπώνυμον
703 1717 877 1803 Ἀφροδίτης
897 1718 1095 1802 Κιηούλληςῖ.
1139 1723 1250 1798 Neque
1271 1723 1371 1781 minus
1399 1723 1453 1782 fal·

254 1842 321 1881 sum
349 1826 435 1900 quod
460 1825 492 1882 in
520 1825 616 1883 altero
643 1825 781 1883 membro
809 1825 955 1900 sequitur,
987 1825 1095 1883 ceteris
1117 1823 1188 1882 Ceis
1211 1823 1376 1901 Ctesyllam
1398 1842 1451 1883 au-

252 1926 335 1982 disse
350 1919 502 2004 ἔκαέργην;
517 1933 682 2002 utrumque
701 1943 816 1984 nomen
837 1925 930 1984 etiam
950 1926 1033 2001 apud
1054 1925 1121 1983 illos
1143 1925 1339 1984 coniunctum
1361 1927 1452 1984 luisse

252 2043 301 2084 me
335 2043 461 2096 monere
491 2025 539 2082 vix
567 2043 645 2102 opus
678 2034 736 2087 est.
780 2024 946 2101 Ctesyllam
972 2043 1044 2083 vero
1072 2027 1111 2083 ab
1138 2026 1253 2084 lulietis
1275 2021 1452 2105 Ἀφροδίτην

254 2120 441 2203 Κτήσυλλαν,
463 2144 482 2184 a
504 2128 611 2184 ceteris
626 2125 697 2185 Ceis
716 2121 894 2205 Κτήσυλλαν
915 2120 1052 2206 {aalma
1070 2128 1258 2185 nominatam
1279 2144 1349 2185 esse
1370 2128 1450 2186 bene

255 2227 316 2284 dici
337 2223 469 2302 potuitl.

352 2329 485 2389 Breviter
504 2330 597 2389 verba
618 2348 648 2406 p.
671 2344 741 2408 201,
761 2344 799 2404 29
823 2323 913 2407 ὥςπερ
936 2323 980 2389 ὅτε
1002 2325 1163 2407 Κυδίππην
1181 2325 1326 2402 Ἀκίναος
1345 2320 1452 2408 ἐξηπά-

253 2448 332 2508 τησεν
350 2430 540 2490 Hercherum
562 2447 618 2489 suo
639 2431 703 2488 iure
726 2426 938 2507 exstirpasset
959 2440 1084 2490 annot0.

351 2531 442 2589 Initio
465 2531 593 2606 legimus
615 2528 664 2590 καί
685 2524 813 2610 ἐγίνοντο
839 2526 920 2614 αὐτῷ
940 2526 971 2602 ἐξ
989 2525 1138 2602 Ἀλθαίας
1157 2533 1208 2609 τῆς
1230 2527 1351 2592 Θεστίου
1377 2531 1447 2592 Me·
1464 2533 1545 2586 sab.2

250 2625 378 2710 λέαγρος,
402 2626 516 2709 &apros
532 2624 749 2708 ...θυγατέρες
768 2625 800 2690 δὲ
813 2628 842 2687 Γ
839 2619 910 2710 ίργη
923 2631 981 2692 κτλ.
1005 2639 1077 2690 ante
1099 2631 1227 2690 filiorum
1245 2634 1370 2690 nomina
1390 2627 1449 2692 υἱοί

248 2728 305 2809 μὲν
330 2733 484 2790 excidisse
510 2740 544 2788 ut
570 2738 712 2802 statuam,
737 2739 903 2807 perpetuus
933 2750 982 2790 me
1006 2741 1180 2790 commovet
1201 2733 1347 2809 loquendi
1377 2752 1448 2793 usus

251 2834 406 2909 Antonini,
429 2833 480 2909 qui
498 2832 530 2888 in
544 2830 602 2889 hac
617 2831 794 2890 elocutione
816 2827 916 2904 παῖδες
930 2833 977 2890 vel
996 2825 1142 2890 violeum
1157 2850 1307 2909 nusquam
1326 2836 1448 2894 omittat

179 3004 183 3010 ¹
252 2965 286 2976 -
312 2933 451 3009 exempla
473 2932 504 2990 in
527 2932 633 3007 quavis
651 2931 714 2990 fere
734 2932 908 2991 narratione
930 2933 1065 2991 invenire
1088 2932 1157 2992 licet
1181 2966 1215 2976 -
1240 2934 1288 2993 hic
1308 2936 1359 2995 ubi
1381 2936 1445 2994 filiis

249 3043 444 3111 opponuntur
470 3027 635 3113 θυγατέρες,
664 3042 747 3092 certe
768 3051 831 3092 non
853 3034 954 3094 omisit
964 3030 984 3092 ⁶.
1028 3033 1074 3095 cf.
1093 3053 1124 3110 p.
1141 3050 1209 3112 207,
1233 3036 1269 3094 16
1290 3033 1446 3097 Αὐτονόου

249 3130 464 3215 ...ἐγένοντο
486 3127 546 3192 υἱοί
565 3125 842 3213 mmmmm
863 3130 908 3202 δέ;
928 3150 1043 3214 p.215,
1065 3152 1101 3192 10
1122 3129 1187 3214 ἔσχε
1207 3131 1239 3196 δὲ
1260 3135 1366 3211 παῖδας
1385 3182 1392 3199 .
1411 3182 1444 3201 ..

247 3234 295 3296 καί
316 3229 480 3315 θυγατέρα;
502 3253 532 3310 p.
553 3248 623 3309 219,
644 3250 682 3308 31
706 3222 779 3317 ἦσαν
799 3231 928 3319 deniq]
950 3233 1051 3308 παῖδες
1150 3235 1201 3296 καί
1221 3234 1445 3317 &radamus

247 3334 347 3408 παῖδες
369 3332 426 3413 μὲν
455 3337 497 3393 de
524 3352 586 3410 quo
617 3335 731 3394 eodem
752 3335 816 3393 iure
845 3336 972 3412 cogitari
993 3344 1105 3412 potest,
1138 3339 1299 3412 quominus
1325 3341 1444 3415 praefe-

248 3454 320 3505 ram,
340 3436 504 3493 vicinarum
524 3435 653 3510 impedit
673 3453 723 3495 me
747 3437 855 3494 ductus
878 3437 1054 3496 litterarum.
1092 3436 1172 3497 Nam
1197 3432 1256 3498 υἱοί
1275 3435 1331 3516 μὲν
1352 3458 1444 3516 quam

249 3535 338 3596 facile
360 3536 514 3611 praeteriri
535 3537 680 3611 potuerit,
704 3537 775 3595 vide
798 3538 837 3595 sis
858 3539 937 3614 ipse:

485 3639 536 3713 τῆς
560 3633 731 3706 θευΤΙΟΥ
753 3634 846 3697 YIOI
863 3635 968 3696 ΜΕΝ
986 3633 1198 3717 ΜΕΛίαγρος.

343 3865 405 3920 ¹111
424 3869 466 3921 ed.
484 3868 611 3920 Nicandri
629 3886 657 3936 p.
670 3870 704 3936 58
726 3887 786 3924 ann.
805 3883 830 3936 3.

342 3953 354 3992 ²
372 3956 516 4008 Schneider
534 3958 550 4012 l.
570 3953 778 4030 1.’Λφροδίνης
798 3962 855 4011 sine
877 3962 947 4012 iusta
971 3977 1048 4012 causa
1065 3961 1157 4012 abesse
1175 3963 1283 4015 mavult.

343 4041 354 4080 Β
372 4047 493 4114 Ctesylla
511 4047 561 4097 dea
579 4048 652 4098 cuius
673 4055 764 4099 natura
781 4065 796 4099 e
813 4050 916 4100 Dianae
934 4057 960 4100 et
976 4049 1088 4100 Veneris
1105 4050 1205 4100 naturis
1223 4051 1302 4101 mista
1319 4058 1367 4110 est,
1396 4052 1442 4101 Se·

244 4132 360 4186 miticum
372 4135 439 4186 illud
451 4151 550 4186 numen
560 4150 619 4186 esse
630 4136 742 4204 videtur,
760 4138 833 4203 quod
846 4137 930 4187 caseis
943 4138 1106 4204 temporibus
1120 4139 1325 4190 aPhoenicibus
1342 4140 1370 4189 in
1383 4155 1442 4189 oras

244 4226 270 4270 et
287 4222 387 4274 insulas
405 4225 484 4275 maris
496 4225 603 4289 Aegaei
618 4239 650 4274 ex
670 4224 771 4276 oriente
789 4232 858 4276 terra
877 4225 1031 4277 translatum
1050 4234 1099 4280 est.
1136 4226 1262 4277 Conseras
1282 4227 1362 4278 velim
1372 4229 1440 4278 Use-

242 4308 299 4359 neri
316 4306 477 4376 ‘Legenden
499 4312 547 4363 der
564 4312 682 4376 heiligen
700 4312 821 4377 Pelagia’
840 4329 868 4380 p.
880 4315 975 4366 XXII.

341 4396 403 4451 ⁴In
421 4404 537 4452 Hermae
555 4402 609 4454 vol.
630 4403 687 4452 XII
707 4418 733 4468 p.
747 4413 807 4469 317.

339 4485 353 4522 ⁵
369 4489 445 4540 Idem
465 4491 499 4541 de
511 4491 650 4542 Antonino
669 4490 739 4542 valet
758 4491 829 4558 quod
843 4490 964 4542 Hercher
982 4491 1015 4542 de
1025 4492 1196 4559 Apollodoro
1216 4493 1306 4543 statuit
1324 4493 1365 4560 (iu
1383 4495 1442 4561 phi·

239 4575 324 4641 lologi
342 4577 396 4632 vol.
413 4591 445 4644 14
461 4594 489 4645 p.
508 4579 573 4646 622)
596 4575 674 4630 ‘dass
692 4579 847 4645 Apollodor
869 4597 899 4631 so
919 4586 965 4645 gut
986 4581 1037 4631 wie
1061 4581 1158 4631 andere
1181 4582 1316 4648 Spitlinge
1333 4599 1374 4632 am
1394 4584 1445 4634 sor·

239 4664 383 4716 melhalleu
401 4664 511 4730 h'a'ngt'r
531 4667 565 4720 cl.
585 4667 725 4717 secundum
745 4675 822 4733 caput
839 4668 917 4719 huius
937 4670 1000 4722 diss.
