3490 5286
810 351 997 409 „4-

396 541 425 599 p.
449 537 551 598 203,u
584 522 697 582 Parcae
719 519 908 596 Meleagrum
932 519 1068 579 tamdiu
1092 537 1185 596 quam
1209 518 1309 578 fatalis
1331 521 1381 579 ille
1404 519 1497 596 stipes

299 633 441 702 exstaret,
463 624 493 681 in
517 625 577 680 vita
601 623 666 681 fore
689 622 838 692 cecinere,
861 617 909 700 ἐφ’
932 615 999 679 ὅσον
1019 612 1056 678 ἂν
1077 613 1093 679 ὃ
1114 614 1202 691 δαλὸς
1223 614 1360 696 διαμένει.
1393 621 1499 680 Novis·

298 727 364 784 simi
381 725 516 785 Bastium
540 726 637 783 secuti
662 725 797 783 editores
812 702 1205 795 emendavemntdtope'vot.
1236 724 1278 780 At
1299 723 1498 797 grammatica

300 828 372 903 quin
394 828 618 885 coniunctivum
640 833 759 902 poscat,
782 825 907 884 dubium
930 841 991 883 non
1016 832 1071 883 est.
1111 822 1220 898 Neque
1243 824 1323 882 enim
1346 825 1499 900 optativus

301 929 332 986 in
353 947 387 986 re
408 930 573 1004 praeterita
590 947 659 986 cum
673 926 853 1003 pronomine
875 926 1000 983 relativo
1024 934 1055 982 et
1069 919 1105 982 άν
1126 925 1275 1000 particula
1297 926 1498 1002 coniungitur,

300 1028 359 1086 nisi
383 1037 435 1087 aut
457 1030 518 1088 iam
540 1029 708 1106 praecessit
730 1028 882 1104 optativus
905 1035 957 1086 aut
980 1025 1100 1084 iteratio
1122 1024 1306 1101 significatur
1328 1019 1499 1104 (ci.Kueh·

301 1145 356 1188 ner
371 1129 497 1190 Griech.
518 1130 652 1190 Gramm.
671 1125 721 1187 ll2
743 1129 759 1199 5
776 1143 846 1203 594,
863 1145 892 1200 4.
910 1127 953 1202 4).

397 1250 428 1307 p.
450 1245 518 1306 203,
541 1247 574 1288 rr
605 1224 892 1309 πένθος,..έγένετο
915 1225 993 1306 παρὰ
1014 1224 1224 1305 Καλυδωνίοις,
1245 1229 1276 1286 in
1299 1228 1345 1287 his
1367 1247 1498 1305 praepo-

299 1330 450 1403 sitionem,
479 1332 591 1407 quippe
622 1349 702 1407 quae
731 1338 861 1408 accentu
889 1339 992 1388 careat
1014 1338 1046 1388 et
1068 1337 1181 1405 puncto
1204 1339 1313 1389 notata
1335 1330 1424 1388 sitin
1446 1349 1499 1389 co·

298 1433 376 1502 dice,
401 1433 534 1509 expungi
557 1433 694 1490 librarius
719 1433 819 1504 voluit,
837 1441 931 1492 recte.

397 1552 426 1609 p.
444 1548 513 1608 203,
535 1547 570 1606 15
601 1527 632 1590 αἱ
654 1529 686 1593 δὲ
702 1580 734 1594 ..
757 1527 911 1611 ,λέγονται
933 1527 1040 1604 πένθος
1059 1528 1109 1591 ε’πλ
1128 1528 1295 1616 Μελεάγρῳ
1316 1528 1422 1611 φέρειν.
1464 1535 1499 1592 ln

299 1636 471 1692 elocutione
499 1627 606 1705 πένθος
629 1629 731 1712 φέρειν
764 1651 844 1710 quae
872 1650 994 1709 prorsus
1024 1633 1155 1692 barbara
1184 1643 1240 1712 est,
1266 1635 1401 1694 offendo.
1445 1634 1499 1692 Di·

301 1735 412 1794 cebant
447 1735 571 1810 quidem
598 1733 710 1793 Graeci
743 1736 905 1810 scriptores
938 1729 1046 1806 πένθος
1078 1735 1226 1794 ποιεῖσθαι
1253 1731 1303 1812 (ci.
1324 1755 1354 1812 p.
1372 1735 1441 1810 218,
1460 1752 1499 1794 20

299 1831 433 1914 μέγιστον
459 1829 631 1913 ἐποιήσαντο
662 1831 783 1906 πένθος)
811 1844 863 1894 aut
891 1829 999 1907 πένθος
1026 1827 1189 1911 αἴρεσθαι1
1213 1833 1353 1913 (dequo
1379 1837 1417 1898 cf.
1438 1837 1498 1896 Lo·

299 1937 399 1995 beclrii
422 1939 463 1996 ad
485 1937 576 2012 Soph.
594 1937 678 1995 Aiac.
698 1953 755 2011 ¹29
778 1935 1023 2008 annotationem)
1045 1946 1099 1994 aut
1121 1931 1229 2008 πένθος
1250 1932 1338 2015 οἴγειν.
1376 1940 1417 1997 At
1432 1932 1498 1998 πέν-

300 2037 355 2111 θος
375 2055 444 2096 cum
466 2031 564 2116 φέρειν
582 2037 633 2114 qui
648 2037 689 2095 ita
713 2038 913 2110 coniunxerit,
936 2037 1090 2094 neminem
1112 2038 1184 2096 novi
1209 2056 1286 2098 sane
1300 2047 1425 2115 praeter
1436 2038 1498 2097 Sui·

299 2139 382 2211 dam,
412 2139 463 2213 qui
492 2139 616 2213 quidem
644 2139 716 2196 satis
748 2138 836 2196 simili
858 2140 953 2196 modo
981 2131 1067 2196 ἀνίαν
1088 2133 1186 2216 φέρων
1207 2140 1284 2197 dixit
1304 2136 1342 2217 (s.
1365 2159 1392 2200 v.
1412 2129 1499 2199 ’ίάλε-

298 2235 382 2315 μος);
406 2241 488 2296 unde
511 2247 613 2296 tamen
640 2239 797 2297 Antonino
818 2240 905 2298 cuius
926 2257 1025 2297 sermo
1043 2239 1116 2297 satis
1138 2257 1230 2314 purus
1253 2249 1284 2298 et
1306 2241 1497 2299 soloecismo·

299 2358 364 2398 rum
389 2341 529 2399 immunis
551 2348 598 2397 est
612 2336 634 2412 2,
656 2339 718 2397 tale
733 2340 810 2416 quid
831 2342 979 2416 imputare
1000 2341 1103 2400 nolim.
1130 2340 1333 2400 Tolerabilius
1354 2335 1499 2420 φέρεσθαι

300 2442 434 2499 medium
459 2441 506 2518 sit,
529 2442 614 2518 quod
631 2441 660 2497 in
675 2440 842 2500 Phalaridis
866 2442 917 2519 qui
936 2449 1062 2500 vocatur
1084 2442 1213 2516 epistula
1235 2456 1273 2518 97
1298 2460 1367 2501 curn
1391 2437 1499 2514 πένθος

302 2542 346 2599 sic
369 2542 544 2616 copulatum
572 2559 640 2600 esse
666 2537 733 2617 (τὴν
754 2537 932 2619 ἀρετὴντοῦ
953 2536 1065 2620 γονέως,
1089 2537 1136 2620 ἐφ’
1161 2524 1188 2626 ᾦ
1209 2562 1242 2621 γε
1263 2537 1295 2600 τὸ
1317 2535 1426 2613 πένθος
1446 2536 1495 2621 φέ-

299 2637 401 2719 ρεσθε)
424 2661 443 2698 e
468 2641 562 2699 Bastii
585 2642 680 2699 didici
700 2638 924 2700 annotationess
946 2643 977 2714 (l.
991 2643 1007 2702 l.
1023 2660 1052 2718 p.
1071 2639 1150 2718 109).
1190 2643 1297 2720 ltaque
1319 2643 1421 2700 donec
1444 2643 1497 2700 ali·

300 2743 374 2818 quid
388 2743 495 2800 melius
511 2751 663 2818 repertum
685 2743 734 2809 sit,
757 2751 864 2801 auctor
886 2744 941 2802 sim
963 2751 997 2801 ut
1020 2744 1155 2818 legamus
1170 2737 1298 2822 λέγονται
1322 2736 1431 2814 πένθος
1448 2739 1497 2802 ἐπὶ

298 2831 466 2926 Μελεάγρῳ
487 2837 628 2921 φέρεσθαι
648 2840 675 2916 4;
699 2835 918 2920 adnectentem
941 2853 972 2902 et
993 2838 1137 2922 φέρέοθαι
1151 2860 1374 2921 saepenumero
1394 2845 1424 2901 in
1445 2861 1496 2901 co·

301 2944 419 3002 dicibus
442 2942 569 3002 confusa
593 2951 672 3003 sunt.
705 2945 750 3006 Cf.
773 2944 883 3003 Cobeti
904 2964 975 3005 nov.
996 2947 1063 3005 lect.
1086 2963 1114 3020 p.
1134 2943 1193 3016 568
1205 2961 1250 3023 sq.

400 3044 502 3103 Unum
537 3046 568 3103 in
601 3047 735 3104 secunda
765 3045 876 3104 fabella
904 3055 1052 3121 quantum
1087 3045 1186 3116 video,
1216 3056 1368 3122 superest:
1406 3047 1498 3104 verba

300 3149 447 3206 nonnulla
468 3147 493 3205 si
515 3156 598 3206 recte
614 3150 829 3224 interpretatus
852 3165 929 3223 sum,
951 3147 1080 3206 insiticia
1100 3147 1282 3223 expellenda
1305 3156 1385 3207 sunt.
1427 3147 1497 3205 Per-

301 3249 385 3323 legas
401 3249 490 3306 velim
507 3249 633 3307 alteram
648 3248 828 3307 narrationis
843 3257 970 3324 partem.
995 3247 1171 3324 Calydoniis
1183 3249 1313 3306 maxime
1324 3249 1498 3325 periclitan-

300 3349 378 3407 tibus
391 3349 548 3426 Meleager
563 3351 687 3408 tandem
706 3350 815 3408 auxilio
831 3350 921 3410 venit.
958 3350 1020 3408 Sed
1034 3344 1157 3420 ἀναστάς
1177 3345 1225 3408 ἐπί
1246 3346 1293 3408 τὸν
1311 3344 1428 3426 οτραιῦν
1443 3353 1499 3408 τῶν

300 3439 465 3528 Κουρήτων
485 3449 534 3509 καί
549 3445 633 3522 αι’πὸς
646 3440 839 3528 ἀποθνήσκει.
876 3450 957 3508 Tum
973 3451 1013 3508 de
1029 3450 1113 3509 fatali
1134 3451 1185 3509 illo
1202 3451 1284 3526 ligno
1305 3451 1430 3526 eiusque
1443 3469 1498 3510 na·

303 3558 370 3608 tura
391 3569 469 3628 quae
485 3571 579 3611 causa
601 3552 706 3610 mortis
727 3552 783 3610 fuit
799 3551 958 3628 Meleagri,
980 3570 1081 3611 sermo
1104 3560 1163 3611 est:
1187 3545 1354 3611 ἐπέκλωσαν
1373 3547 1429 3631 γὰρ
1450 3548 1499 3611 ἐπὶ

300 3655 432 3710 τοσοῦτον
449 3648 537 3710 αὐτὸν
558 3647 678 3713 ἔσεσθαι
690 3642 808 3732 χρόνον,
827 3643 875 3731 ἔφ’
890 3646 956 3712 ὅσον
971 3646 1007 3712 dv
1023 3647 1039 3711 ὃ
1055 3647 1142 3723 δαλὸς
1151 3646 1280 3735 διαμένῃ.
1313 3652 1369 3712 His
1384 3653 1497 3728 optime

301 3762 519 3812 annectuntur:
552 3752 602 3812 noi
623 3750 732 3826 πένθος
756 3751 805 3814 ἐπὶ
826 3747 991 3838 Μελεάγρῳ
1012 3747 1145 3833 μέγιστον
1168 3747 1276 3830 ἐγένετο
1299 3748 1499 3823 Καλυδωνίοις

297 3853 354 3914 κτλ.
381 3853 444 3912 Sed
459 3855 558 3913 codici
574 3855 597 3913 si
616 3855 708 3913 fidem
722 3856 879 3935 habemus,
902 3856 979 3916 haec
993 3856 1200 3914 intercedunt:
1224 3849 1376 3914 ἀπέθανον
1394 3849 1426 3912 δὲ
1448 3850 1497 3910 καλ

305 3987 497 3998 .--,.-.,,,,,

397 4064 408 4104 ¹
427 4068 467 4118 Cf.
479 4067 653 4119 elocutionem
664 4071 750 4126 νεῖκος
762 4073 896 4138 αἴρεσθαι,
909 4084 975 4137 quae
986 4069 1028 4119 bis
1042 4068 1155 4118 occurrit
1164 4083 1190 4134 p.
1199 4079 1259 4129 209,
1269 4068 1303 4118 26
1314 4074 1376 4133 etp.
1387 4079 1496 4132 229,23.

397 4152 409 4190 ²
428 4157 549 4206 Hercher
567 4157 612 4209 λλ.
629 4175 655 4224 p.
672 4170 722 4222 3¹7
741 4157 837 4207 ‘durch
857 4157 916 4208 eine
926 4161 1025 4221 Menge
1043 4172 1096 4206 von
1108 4157 1221 4207 Glossen
1239 4156 1275 4206 ist
1294 4155 1336 4206 die
1355 4158 1497 4224 urspriing·

297 4244 367 4295 liche
387 4245 515 4296 Reinheit
534 4247 621 4297 seines
641 4246 722 4296 Stiles
740 4245 851 4296 vielsach
871 4245 1015 4304 entstellt‘;
1035 4245 1097 4295 vide
1116 4251 1194 4311 caput
1213 4244 1323 4296 alterurn
1343 4246 1407 4297 diss.

395 4329 407 4367 ³
424 4334 551 4385 Absurde
564 4335 719 4403 Kochiusp
743 4347 790 4401 115
806 4335 964 4386 elocutionis
983 4336 1088 4391 πένθος
1106 4335 1203 4404 φέρειν
1220 4328 1346 4385 ‘fontem'
1361 4350 1420 4386 esse
1433 4334 1497 4385 dicit

296 4422 430 4475 Theocrit.
449 4425 558 4483 XXVI,
580 4426 621 4476 26.

394 4507 407 4546 ⁴
424 4512 544 4576 Cogitavi
564 4512 598 4562 de
618 4515 727 4581 φαίνειν
746 4529 860 4580 quoque,
886 4521 977 4564 notum
996 4512 1065 4564 enim
1087 4519 1127 4562 est
1146 4513 1224 4582 φέρω
1243 4517 1269 4561 et
1288 4513 1381 4582 φαίνω
1399 4509 1495 4560 millies

295 4599 431 4650 confundi.
468 4601 623 4651 Herodotus
641 4616 706 4651 vero
725 4616 802 4668 quem
821 4617 901 4668 saepe
920 4602 1037 4653 imitatur
1053 4601 1218 4660 Antoninus,
1245 4599 1312 4650 dixit
1337 4599 1497 4666 (111,36et

241 4743 248 4755 ἱ
299 4687 358 4756 127)
377 4682 462 4756 ὕβριν,
481 4680 592 4741 silano
610 4691 727 4759 φαίνειν.
