3490 5286
771 328 956 392 -7,

364 519 394 576 p.
409 514 479 573 205,
495 499 513 557 8
535 496 586 560 uni
603 493 809 578 ποιησαμένους
825 495 976 580 ἀγροτέρης
989 495 1114 576 εἴκασμα
1130 497 1378 580 παραστήσασθαι
1389 499 1460 580 χάλ-

264 621 328 660 κεον
349 587 427 686 αὐτῷ
455 602 551 680 θῆρα,
573 601 604 660 iu
630 601 675 660 his
704 601 800 661 forma
823 603 967 682 ,medialis
989 604 1080 680 plane
1103 603 1232 660 barbara
1260 613 1317 676 est,
1348 605 1461 681 quippe

265 721 342 779 quae
364 721 428 761 nou
448 698 617 779 significetl
638 703 695 761 nisi
720 689 831 780 ‘prope
853 722 887 762 se
902 701 1018 779 aliquid
1039 693 1205 762 collocare³
1222 705 1303 764 velut
1327 701 1461 784 μάρτυρα

264 803 384 868 similia:
409 821 486 880 opus
510 813 566 878 est,
591 813 625 862 ut
648 821 825 863 revocemus
846 808 1040 883 παραστῆσαι,

361 924 390 981 p.
405 920 474 978 205,
491 921 522 962 11
539 925 560 962 π
570 893 768 983 ολιμήσαντας
780 901 834 984 γὰρ
849 901 928 991 αὐτῷ
940 902 1069 978 Κελτοὺς
1081 907 1138 968 κτλ.
1154 906 1234 965 Nihil
1248 915 1343 976 muto,
1359 908 1459 966 codex

262 1001 333 1064 uiro
348 1005 473 1082 quidem
487 1006 623 1083 praebet,
646 1006 761 1066 sedita
777 1007 915 1084 praebet,
937 1015 971 1065 ut
987 1008 1019 1065 in
1035 1025 1138 1066 rasura
1155 1007 1248 1066 fuisse
1269 1003 1348 1092 stirpi
1369 1007 1458 1066 facile

263 1107 410 1182 cognosci
427 1108 532 1182 possit.
575 1107 611 1165 In
624 1107 779 1166 Celtorum
800 1125 873 1166 vero
896 1125 963 1166 cum
975 1107 1109 1184 Epirotis
1128 1108 1203 1168 inita
1224 1109 1374 1168 societate
1396 1127 1458 1168 non

264 1208 401 1285 offendo,
424 1207 548 1266 offendo
568 1209 599 1266 in
621 1207 797 1267 Schneideri
819 1209 1000 1282 mutatione,
1029 1210 1083 1286 qui
1104 1210 1223 1286 scripsit
1244 1204 1459 1288 πολεμήσαντος

262 1305 318 1389 γὰρ
339 1305 430 1368 αὐτοῦ
449 1304 588 1380 Κελτούς,
610 1307 659 1368 καῖ
681 1305 805 1380 Χάονας
823 1309 907 1380 uri,
922 1311 952 1368 iu
979 1329 1039 1386 qua
1061 1319 1094 1369 ut
1120 1312 1160 1368 de
1182 1311 1305 1372 codicis
1326 1310 1457 1370 lectione

264 1429 345 1469 nunc
368 1412 490 1470 demum
510 1411 634 1486 cognita
656 1419 785 1480 taceam,
807 1427 861 1469 cur
880 1410 986 1470 Celtae
1009 1411 1154 1471 debellati
1174 1413 1456 1489 commemorentur,
1515 1400 1517 1406 ’
1543 1473 1546 1478 ,

264 1512 398 1588 intellegi
418 1513 534 1589 nequit,
557 1520 622 1590 tum
644 1513 724 1570 male
747 1512 884 1587 gentium
906 1513 1030 1572 nomina
1053 1513 1186 1589 disiungi
1208 1521 1343 1591 apparet.

359 1633 388 1690 p.
406 1613 475 1691 206,
488 1613 506 1671 6
527 1608 581 1690 τὴν
594 1607 649 1689 μὲν
665 1607 757 1671 αὐτοῦ
770 1607 888 1692 μητέρα,
905 1631 1032 1688 necesse
1049 1623 1096 1674 est
1111 1615 1285 1674 reflexivum
1299 1632 1369 1673 curn
1382 1615 1454 1673 Ver·
1473 1627 1525 1679 lab.
1538 1642 1552 1695 5

262 1713 369 1792 heykio
392 1733 582 1792 revocemus,
608 1715 694 1792 quod
721 1713 813 1774 etiam
833 1732 862 1789 p.
889 1729 960 1788 204,
985 1730 1024 1772 20
1051 1715 1082 1773 in
1103 1712 1175 1772 κατὰ
1196 1711 1261 1787 τοὺς
1280 1707 1370 1775 αὐτοῦ
1388 1736 1457 1795 χρη·
1500 1792 1507 1808 ι

260 1813 350 1893 σμοὺς
371 1817 596 1876 restituendum
621 1824 678 1876 est.
723 1815 750 1874 A
779 1816 884 1891 regula
906 1816 987 1874 enim
1015 1834 1106 1891 quam
1132 1817 1269 1876 Graecos
1295 1817 1456 1894 scriptores

261 1919 292 1977 in
306 1918 481 1976 universum
503 1926 624 1976 secutos
641 1934 710 1974 esse
727 1916 839 1993 primus
854 1913 995 1990 Kriiger2
1012 1916 1235 1992 animadvertit,
1258 1936 1319 1995 qua
1337 1905 1456 1993 ‘perso-

260 2007 351 2077 nalis'
377 2019 566 2094 pronominis
596 2016 755 2093 genetivos
786 2035 850 2075 non
876 2017 956 2074 inter
984 2019 1143 2077 articulum
1174 2028 1205 2078 et
1230 2019 1453 2078 substantivum

263 2126 423 2196 ponerent,
448 2136 488 2176 ne
510 2119 682 2178 Antoninus
705 2117 830 2195 quidem
857 2120 984 2178 recessit
998 2115 1018 2179 ³.
1063 2119 1150 2177 Idem
1171 2121 1212 2179 ad
1234 2121 1456 2196 Apollodorum

262 2221 351 2287 valet,
379 2220 464 2296 apud
491 2237 581 2295 quem
605 2221 696 2278 velim
718 2221 865 2278 emendes
892 2219 944 2294 IIl,
961 2236 990 2295 5,
1006 2235 1065 2295 7,2
1089 2217 1131 2296 (p.
1149 2221 1229 2296 91,6
1254 2223 1304 2283 ed.
1327 2216 1454 2300 Herch.)

263 2315 316 2396 τὴν
337 2315 426 2379 αὐτοῦ
444 2323 584 2398 γυναῖκας
607 2321 648 2379 ibi
671 2320 834 2396 legendum
856 2330 903 2380 est
926 2317 977 2399 τὴν
989 2321 1112 2400 γυναῖκα
1127 2317 1217 2381 αἰτοῦ
1232 2332 1284 2381 aut
1299 2318 1389 2382 αὐτοῦ
1402 2319 1457 2401 τὴν

261 2420 393 2498 γυναῖκα,
411 2431 538 2498 utraque
554 2421 635 2479 enim
648 2422 810 2480 collocatio
826 2423 988 2497 repetitum
1005 2419 1325 2499 cl.IlI‚4,4,3-(p.87,
1340 2439 1350 2480 1
1367 2432 1399 2482 et
1411 2420 1452 2500 7).

279 2589 281 2592 .
357 2540 386 2597 p.
403 2511 474 2593 zob,
493 2538 530 2595 14
545 2539 591 2598 sq.
624 2515 692 2581 ὅδὲ
716 2571 722 2584 .
747 2571 753 2585 .
780 2567 786 2582 .
809 2513 912 2600 ηὔξατο
935 2513 988 2582 οὐν
1008 2516 1101 2607 ἑαυτῷ
1123 2518 1216 2582 πάντα
1240 2519 1453 2602 ἀφανισθῆναι.

258 2619 332 2694 Ζεὺς
353 2618 385 2683 δὲ
410 2617 568 2701 μετέβαλεν
596 2620 637 2695 εἰς
666 2618 795 2701 ὄρνιθας.
834 2623 996 2683 Obiectum
1023 2626 1106 2700 quod
1138 2626 1179 2683 ad
1203 2619 1342 2703 μετέβαλε
1364 2627 1453 2702 perti-

258 2733 342 2797 neat,
374 2743 467 2802 aegre
495 2723 716 2797 desideramus,
747 2726 833 2803 quod
865 2744 969 2802 neque
996 2745 1015 2784 e
1043 2725 1190 2802 prioribus
1220 2727 1375 2786 subaudiri
1399 2747 1452 2805 po·

258 2833 318 2884 test
341 2835 413 2885 eta
435 2826 583 2902 scriptore
603 2827 652 2885 cui
674 2827 746 2886 nihil
766 2827 863 2904 magis
891 2828 975 2886 cordi
998 2835 1045 2886 est
1066 2845 1159 2903 quam
1173 2828 1451 2905 metarmorphosis.

257 2925 316 2984 hoc
338 2927 408 2985 loco
430 2935 513 2986 certe
535 2927 617 2988 haud
641 2928 788 2986 omissum
807 2935 866 2998 est;
890 2927 928 2989 cl.
951 2946 981 3003 p.
1001 2943 1070 3000 203,
1092 2945 1142 3002 133
1168 2928 1237 2998 208,
1254 2946 1287 3003 43
1310 2944 1380 3006 209,
1397 2945 1449 3006 27;

258 3043 327 3100 210,
345 3045 397 3104 14;
411 3044 527 3108 212,2;
544 3044 615 3103 215,
632 3029 683 3100 18;
698 3045 766 3108 219,
782 3045 833 3101 103
852 3045 922 3102 220,
939 3046 992 3103 14;
1011 3045 1080 3104 232,
1094 3045 1142 3104 32·
1187 3030 1295 3106 Itaque
1316 3031 1374 3089 nisi
1394 3041 1450 3108 pro

257 3117 349 3189 πάντα
360 3148 485 3190 exarare
499 3129 654 3209 praeferes
671 3118 787 3202 πάντας,
799 3126 906 3202 αὐτοὺς
917 3140 987 3208 post
1002 3124 1160 3208 μετέβαλεν
1172 3132 1304 3209 suppleri
1319 3141 1450 3208 oportet.

354 3250 385 3309 p.
400 3231 470 3304 206,
484 3231 523 3290 26
545 3231 577 3289 in
592 3239 699 3291 sextae
717 3231 838 3292 fabulae
857 3232 957 3290 limine
972 3220 1104 3309 πρόσθεν
1129 3224 1150 3308 ἢ
1163 3237 1294 3310 φανῆναι
1309 3227 1451 3310 Κέκροπα
1469 3243 1551 3296 sab.6

255 3329 303 3392 riv
332 3337 384 3414 γῆς
411 3335 502 3394 verba
525 3341 608 3392 recte
640 3332 665 3392 si
690 3333 766 3412 vidi,
793 3333 883 3392 obelo
916 3335 1053 3392 notanda
1083 3342 1161 3395 suut.
1205 3335 1450 3411 interpolationis

257 3435 465 3509 gravissimum
483 3434 629 3493 iudicium
651 3441 707 3514 est,
730 3435 815 3511 quod
831 3435 941 3511 quibus
956 3435 1144 3512 temporibus
1166 3436 1306 3496 homines
1321 3454 1450 3513 quorum

257 3515 327 3592 iata
340 3543 507 3613 narrantur,
530 3535 695 3607 floruerint,
708 3535 882 3595 Antoninus
899 3554 1048 3613 nusquam
1069 3537 1182 3596 referre
1204 3539 1283 3598 solet
1293 3535 1315 3598 4.
1343 3537 1449 3599 Narra·

354 3771 365 3810 ¹
383 3774 482 3827 Ceteris
498 3775 620 3828 videlicet
639 3776 874 3842 significationibus
895 3781 1020 3859 exceptis.

352 3861 365 3900 ²
383 3864 486 3917 Griech.
505 3865 679 3932 Sprachlehre
697 3863 724 3916 1⁵
742 3865 813 3934 §47,
831 3879 856 3929 9,
873 3880 903 3918 12
923 3875 949 3919 et
965 3865 1006 3918 Π5
1023 3865 1096 3937 §47,
1111 3881 1136 3931 9,
1150 3881 1174 3936 5.

352 3950 571 4022 ³Eue1emplia
590 3955 683 4021 omnia,
703 3956 731 4006 iu
750 3955 848 4021 quibus
866 3956 1011 4007 duodecies
1032 3957 1168 4020 genetivus
1188 3957 1325 4008 articulum
1343 3974 1447 4024 praece·

150 4031 152 4037 ’
253 4041 305 4092 dit:
324 4058 349 4108 p.
361 4053 422 4102 202,
433 4044 477 4100 26;
499 4055 618 4107 204,22;
637 4043 755 4106 206,31;
775 4055 875 4109 207,3;
895 4045 994 4110 208‚5;
1017 4055 1076 4110 215,
1087 4047 1133 4105 τός
1153 4047 1327 4109 216,14.26;
1347 4047 1446 4108 219,8;

255 4139 314 4188 220,
328 4140 372 4191 303
394 4142 454 4197 227,
473 4141 516 4190 123
536 4143 595 4196 234,
609 4145 638 4196 43
654 4159 688 4170 ··-
708 4132 832 4182 undecies
851 4148 995 4198 pronomen
1014 4140 1075 4198 post
1095 4134 1287 4185 substantivum
1302 4135 1443 4188 iuvenitur:

253 4231 277 4280 p.
289 4217 385 4276 202‚8;
399 4229 459 4284 203,
473 4231 512 4269 12.
526 4231 571 4282 29;
588 4232 648 4285 207,
664 4221 687 4273 8.
698 4233 745 4278 203
759 4231 818 4284 213,
833 4233 880 4286 27;
894 4231 955 4284 215,
966 4233 1013 4287 243
1028 4223 1087 4282 218,
1102 4223 1148 4289 183
1162 4234 1222 4283 220,
1234 4235 1262 4287 7;
1278 4235 1337 4283 221,
1350 4235 1390 4274 11.
1404 4235 1444 4289 17.

252 4303 292 4356 cf.
311 4304 389 4355 etiam
407 4307 522 4356 Useneri
541 4308 559 4358 l.
580 4323 602 4358 c.
622 4308 655 4357 ad
673 4325 699 4374 p.
718 4309 743 4368 6,
765 4321 797 4358 ιο
822 4307 877 4360 τῶν
902 4301 982 4372 αὐτῆς
1005 4307 1128 4378 ἐραστῶν
1150 4304 1242 4374 ιαὐτῆς
1265 4309 1337 4360 hatte
1356 4311 1446 4376 Jakob

250 4392 324 4442 nicht
343 4393 482 4444 iunerhalb
503 4395 551 4444 des
571 4395 690 4446 Artikels
708 4395 829 4459 gesetzt’.

348 4477 404 4548 4p.
419 4494 480 4545 229,
495 4495 527 4533 10
554 4499 621 4549 quae
647 4484 743 4535 tradita
767 4490 826 4535 sunt
854 4486 899 4534 καὶ
923 4483 1031 4552 ἐγένετο
1049 4484 1131 4538 ταῦτα
1150 4479 1219 4536 πολὺ
1236 4479 1291 4552 πρὸ
1308 4483 1353 4546 τῆς
1367 4481 1446 4556 Ἠρα-

250 4569 343 4628 κλέους
361 4573 501 4638 στρατείας
520 4572 555 4621 ob
576 4573 686 4623 eandem
708 4588 811 4624 causam
830 4579 958 4639 suspecta.
