3490 5286
800 359 1010 420 ,16-

309 544 475 604 derivatam
506 544 685 606 invenimus,
729 544 840 604 Forma
873 551 976 604 autem
1008 544 1154 604 feminina
1180 547 1211 605 in
1244 565 1305 625 qua
1332 549 1501 610 Schneider

309 647 443 716 offendit,
459 647 572 705 nullam
593 645 716 704 exhibet
732 645 952 715 difficultatem,
975 645 1000 704 si
1018 664 1230 724 comparamus
1247 651 1415 710 consimilia
1430 647 1501 729 ἀμε-

308 744 408 828 τρήτα,
429 733 560 827 ἆκινήτα,
584 742 718 821 delimo,
741 733 901 825 ἆτααρώτη;
925 747 964 806 cl.
986 747 1131 806 Lobeckii
1156 752 1199 808 ad
1220 751 1313 828 Soph.
1332 753 1419 812 Aiac.
1442 768 1499 830 175

310 850 541 909 annotationem
564 858 595 907 et
616 849 756 907 eiusdem
777 849 1027 924 paralipomenon
1050 868 1082 925 p.
1097 865 1157 926 455
1179 868 1245 929 sqq.
1288 854 1433 913 Fortasse
1455 863 1501 914 et·

308 955 368 1012 iam
390 970 453 1010 non
475 952 541 1009 sine
563 960 720 1009 momento
743 958 800 1020 est,
827 952 913 1027 quod
934 951 1017 1026 apud
1039 950 1228 1011 Antoninum
1248 973 1279 1030 p.
1296 969 1365 1031 207,
1386 971 1422 1030 14
1454 951 1499 1014 αἰ-

309 1049 375 1114 σίαν
395 1053 576 1112 rarissimam
593 1050 721 1110 formam
742 1069 779 1110 ex
800 1051 898 1128 poetis
922 1053 1136 1129 depromptam
1159 1055 1295 1130 legimus.
1327 1056 1502 1115 Absurdum

309 1173 380 1214 vero
403 1153 578 1212 Schneideri
603 1161 808 1212 commentum
829 1153 876 1210 vel
899 1153 939 1211 ob
961 1170 1029 1212 eam
1051 1171 1175 1213 causam
1197 1163 1254 1234 est,
1279 1158 1365 1233 quod
1387 1157 1502 1216 diserte

309 1276 329 1316 a
350 1255 497 1330 scriptore
520 1249 600 1331 παρὰ
619 1255 675 1325 ταῖς
693 1247 839 1332 ἐγχωρίοις
859 1254 992 1315 additur.
1024 1253 1165 1332 Denique
1187 1263 1219 1314 et
1244 1258 1322 1316 ordo
1343 1257 1499 1316 nominum

310 1355 454 1431 refragari
482 1355 602 1413 videtur
623 1354 664 1411 illi
686 1354 889 1413 immutationi
901 1350 923 1426 1,
957 1364 988 1414 et
1010 1357 1170 1416 articulum
1192 1359 1446 1429 desideraremus,
1475 1357 1501 1416 si

310 1465 394 1516 recte
416 1455 562 1514 Nicandri
584 1455 684 1513 editor
705 1454 886 1514 coniecisset
897 1461 919 1515 2.

200 1574 253 1627 sab.
266 1585 297 1635 14
410 1577 439 1634 p.
459 1571 529 1630 215,
549 1568 584 1631 17
608 1556 707 1614 codex
729 1555 854 1614 exhibet
873 1552 949 1627 Ζεὺς
970 1553 996 1615 δ’
1018 1553 1054 1616 οὐ
1075 1553 1200 1634 περιΐδεν
1220 1555 1324 1632 αὖτοὺς
1339 1606 1346 1621 .
1362 1605 1369 1620 .
1388 1603 1394 1622 .
1411 1560 1502 1619 τελευ-

310 1649 451 1738 τήσαντας
471 1657 529 1720 κτλ.
570 1647 646 1716 ‘vet
667 1657 815 1717 tironibus
839 1645 1099 1718 animadversum²
1126 1661 1168 1719 ait
1189 1661 1376 1736 Verheykius
1395 1655 1501 1720 ‘talev-

309 1756 447 1839 τήσαντας
466 1759 679 1835 reponendum
694 1755 788 1817 esse'.
820 1759 929 1817 Lectio
952 1761 1064 1818 tradita
1079 1761 1235 1819 mordicus
1257 1757 1417 1821 tenenda³
1438 1769 1501 1831 est;

310 1861 349 1924 cs.
363 1880 392 1937 p.
405 1876 475 1937 τοι),
488 1875 505 1934 5
522 1855 614 1919 δεινὸν
627 1854 783 1938 ἐποιήσατο
796 1906 803 1920 .
816 1905 823 1920 .
836 1906 843 1920 .
858 1858 993 1938 περιιδεῖν
1006 1857 1124 1938 οἰκτρῶς
1136 1855 1325 1938 ἀναιρεθέντα
1339 1858 1387 1921 τὸν
1402 1859 1502 1922 παῖδα.

409 1981 437 2039 p.
451 1976 522 2036 215,
534 1976 572 2034 25
585 1978 630 2036 sq.
653 1979 734 2038 quae
752 1962 793 2018 de
815 1969 925 2020 natura
940 1957 1018 2022 ντιιτιέι
1040 1963 1103 2022 avis
1128 1980 1183 2039 pro
1196 1963 1408 2021 Antoninianis
1431 1981 1501 2020 ven·

311 2063 455 2132 ditantur,
478 2081 516 2122 ea
534 2079 602 2120 cum
616 2062 717 2137 spuria
738 2079 807 2120 esse
828 2062 970 2135 iudicem,
987 2064 1103 2123 codicis
1124 2064 1255 2122 lectione
1277 2073 1419 2122 accurate
1442 2081 1503 2122 ser-

311 2173 381 2225 vata
395 2179 563 2241 apponam:
588 2157 608 2241 ἡ
631 2157 662 2222 δὲ
674 2158 770 2243 μήτηρ
792 2157 886 2222 airola
905 2158 1016 2241 ἐγένετο
1029 2153 1202 2244 κνιττρλδγας.
1229 2159 1320 2224 ντιττώ·
1343 2160 1415 2243 πρὸς
1434 2159 1503 2224 ταύ-

310 2286 358 2344 την
378 2261 452 2349 ἀετῷ
475 2258 600 2342 πόλεμός
622 2258 678 2322 ἐστι
706 2261 755 2323 καί
781 2257 911 2347 ἐρῳδιῴῄ
930 2258 1083 2343 κατάγνυσι
1103 2260 1158 2343 γὰρ
1180 2261 1279 2324 αὐτῶν
1300 2261 1333 2323 τὰ
1354 2251 1414 2349 ᾠά·
1437 2259 1503 2342 (ac-

311 2375 417 2425 centus
443 2365 475 2423 in
502 2382 607 2422 rasura
633 2363 751 2440 pusilla)
772 2358 916 2422 κόπτουσα
936 2359 983 2423 τὸν
1005 2361 1076 2441 (sicl
1099 2366 1156 2423 sed
1178 2386 1194 2424 o
1214 2366 1247 2423 in
1268 2359 1340 2443 ras.)
1364 2362 1436 2443 δρῦν
1455 2361 1502 2424 διὰ

311 2464 375 2540 τοὺς
399 2461 510 2538 κνίιιας.
553 2465 655 2524 Etiam
683 2465 759 2524 vitiis
785 2465 946 2524 levioribus
976 2483 1055 2542 quae
1083 2463 1196 2544 insunt,
1227 2467 1320 2526 verba
1342 2466 1373 2524 in
1395 2466 1503 2524 codice

312 2568 495 2628 nitidissime
522 2574 648 2625 exarato
676 2566 779 2642 aliqua
807 2583 845 2623 ex
871 2574 958 2642 parte
981 2575 1126 2642 suspecta
1147 2567 1240 2641 fiunt;
1269 2567 1406 2625 librarius
1432 2584 1502 2626 vero

310 2666 389 2729 ιτιντιίι
414 2669 623 2728 inducendum
653 2685 723 2725 esse
752 2666 920 2743 significare
954 2667 1087 2726 voluisse
1119 2668 1251 2728 videtur:
1290 2676 1322 2726 et
1351 2676 1399 2726 est
1428 2684 1503 2726 sane

311 2771 439 2830 offensio
477 2770 562 2829 haud
600 2768 727 2844 exigua,
765 2770 851 2845 quod
891 2776 1052 2845 utrumque
1088 2788 1202 2828 nomen
1244 2768 1420 2844 copulatum
1456 2774 1503 2824 est

311 2868 383 2950 (nisi
404 2865 570 2950 κνιττολόγος
591 2869 742 2928 adiectivo
772 2887 864 2928 sensu
889 2878 1069 2946 usurpatum
1095 2887 1163 2928 esse
1189 2868 1320 2945 statuis),
1352 2887 1423 2926 nam
1445 2868 1503 2926 alia

311 2974 375 3032 avis
401 2965 487 3042 ιιιτιώ,
506 2971 565 3030 alia
588 2965 756 3049 κνιιτολόγας
777 2970 913 3047 quamvis
941 2970 1104 3029 consimilis
1130 2978 1178 3028 est
1205 2965 1309 3049 (Arist.
1328 2968 1357 3031 h.
1373 2987 1401 3030 a.
1418 2969 1471 3038 IX,
1488 2985 1499 3024 1

311 3092 340 3149 p.
360 3089 420 3150 593
443 3092 462 3132 a
486 3067 580 3149 Belal.
624 3073 732 3149 Itaque
756 3074 907 3148 glossator
929 3072 1057 3131 alterum
1079 3090 1134 3149 per
1156 3073 1285 3131 alterum
1307 3070 1504 3148 explicavisse

312 3175 486 3234 censendus
509 3182 570 3244 est;
604 3191 815 3250 quaecumque
839 3191 910 3232 vero
934 3175 975 3232 de
996 3182 1105 3232 natura
1131 3173 1281 3232 bestiolae
1305 3175 1429 3248 cognita
1450 3171 1503 3229 ha·

311 3275 415 3350 bebat,
438 3275 522 3351 larga
542 3293 633 3332 manu
654 3275 776 3333 addidit
798 3275 839 3334 nil
864 3284 998 3333 moratus
1021 3275 1106 3351 quod
1128 3275 1248 3350 aquilae
1263 3283 1296 3332 et
1308 3274 1422 3336 ardeae
1444 3271 1504 3330 avi-

311 3376 367 3435 bus
395 3370 478 3453 (num
507 3375 633 3434 fortuita
659 3385 706 3434 est
729 3377 843 3436 ardeae
871 3375 902 3433 in
930 3377 1113 3435 emblemate
1134 3392 1257 3453 prorsus
1280 3374 1368 3432 simili
1390 3375 1420 3430 in
1443 3373 1505 3431 lab.

310 3477 441 3554 septima
462 3472 609 3554 menti0?)
631 3477 664 3534 in
684 3486 789 3537 nostra
803 3479 978 3538 narratione
1001 3480 1086 3537 locus
1101 3479 1206 3554 utique
1228 3477 1327 3536 nullus
1349 3483 1405 3545 est,
1420 3475 1504 3552 quod

307 3563 460 3658 κατάγνυσι
493 3575 528 3650 τὰ
559 3573 604 3664 ᾠὰ
633 3588 665 3638 et
696 3575 840 3640 aristotton
870 3577 923 3659 τὴν
945 3578 1017 3657 δρῦν
1038 3581 1130 3657 plane
1154 3579 1274 3636 diversa
1299 3573 1402 3647 sunt4,
1424 3594 1504 3652 quae

311 3674 468 3752 ἀσννδέτως
493 3681 682 3740 continentia
710 3682 846 3758 quisquis
877 3683 968 3758 leget,
1001 3681 1151 3740 artissime
1177 3680 1256 3737 inter
1283 3695 1317 3736 se
1339 3677 1504 3737 cohaerere

410 3901 420 3940 ¹
439 3904 518 3970 Quod
535 3905 681 3957 Schneider
699 3921 772 3958 suam
790 3905 932 3958 lectionem
951 3921 983 3956 eo
1000 3904 1177 3956 commendari
1194 3904 1266 3964 dicit,
1285 3901 1358 3968 quod
1372 3901 1448 3952 metri
1460 3915 1503 3950 ve·

312 3993 389 4058 stigia
405 4001 499 4055 servet,
517 3995 589 4045 idem
608 3995 641 4046 ad
660 3995 781 4045 traditam
799 3995 952 4061 scripturam
970 3994 1051 4054 ναίεις
1068 3995 1180 4045 sortasse
1188 3992 1323 4043 Nicander
1335 3990 1373 4040 sic
1386 3989 1502 4054 scripsit:

509 4081 650 4136 Ἀστιαλὶν
668 4075 720 4152 <iv
737 4079 896 4154 καλέουσιν)
913 4073 1081 4152 Ἀμειλὴτην
1097 4077 1260 4150 Ἑκαέργην.

410 4167 422 4207 ²
440 4173 626 4240 Exspectarem
644 4169 660 4238 ἡ
681 4171 712 4226 ἐν
724 4174 829 4244 Μελίτῃ
847 4168 986 4230 ’Adnuite
1003 4169 1119 4239 ἑκαέργη
1138 4169 1180 4222 vel
1198 4166 1214 4236 ἦ
1230 4167 1371 4229 'Annalis
1388 4167 1504 4238 ἑκαέργη

310 4255 327 4326 ἡ
346 4259 377 4313 ἔκ
394 4261 510 4332 Μελίτῃ.

411 4344 423 4382 ³
440 4349 573 4401 Videlicet
582 4356 686 4416 praeter
698 4347 829 4419 περιίδεν,
843 4350 914 4416 quod
927 4348 1039 4415 proclivi
1048 4349 1251 4415 Byzantinorum
1264 4362 1352 4399 errore
1363 4351 1502 4410 augmento

312 4438 433 4489 orbatum
452 4445 504 4499 est;
522 4438 594 4489 idem
606 4438 640 4489 ad
659 4438 784 4504 simplicis
802 4438 875 4489 verbi
892 4438 1001 4488 somnam
1016 4437 1075 4492 ἴδεν
1092 4438 1169 4498 valet,
1188 4453 1255 4504 quae
1272 4451 1410 4504 perperam
1423 4434 1501 4484 etiam

313 4543 327 4577 a
346 4526 510 4578 Schneidero
529 4533 629 4578 retenta
646 4534 699 4587 est;
719 4527 753 4581 cs.
772 4542 797 4592 p.
815 4536 846 4591 35
866 4526 944 4579 infra.

409 4612 422 4650 4
439 4616 553 4668 Aristot.
569 4616 588 4670 l.
600 4631 622 4668 c.
639 4617 693 4676 IX,
709 4615 739 4665 18
753 4612 790 4683 (p.
803 4617 878 4681 617a
892 4615 919 4684 3)
939 4616 973 4665 de
991 4616 1071 4666 ardea
1087 4618 1168 4668 τίκτει
1189 4613 1235 4666 lul
1253 4612 1308 4666 τῶν
1320 4609 1451 4680 δένδρων,
1469 4610 1504 4659 de

312 4705 408 4771 aquilis
428 4707 463 4758 ci.
480 4707 533 4766 IX,
547 4717 580 4768 32
601 4701 638 4772 (p.
658 4705 734 4755 618b
750 4702 804 4772 18).
