3490 5286
797 363 1005 424 ...18..

300 543 340 610 dn
373 552 435 623 ταῖς
463 547 564 624 αάιαῖς
587 545 686 628 κόραις
711 546 868 631 ὀφθαλμὸς
892 546 963 628 ἐνῆν
988 545 1087 627 μέλας,
1121 547 1270 632 ἐχθαίρειν
1297 550 1328 615 ἀὲ
1355 543 1497 632 παράπαν

298 652 410 732 γλαῦκα
432 649 486 729 τὴν
507 647 598 730 ὄρνιν·
619 649 646 712 εἰ
667 647 699 712 δὲ
720 653 834 710 καλοῖεν
856 647 936 729 παρὰ
958 647 1010 728 τὴν
1023 648 1170 730 Ἄρτεμιν,
1190 651 1367 734 νυκτίροιτον
1380 651 1496 736 tresel

299 756 395 826 μισεῖν
415 749 496 826 θεόν,
518 751 545 812 εὶ
568 749 601 813 δὲ
623 749 694 830 πρὸς
711 747 820 830 Ἑρμοῦ
839 747 970 824 σπονδάς,
993 748 1112 832 κλέπνρν
1133 748 1228 834 ἔλεγεν
1249 753 1284 815 οὐ
1306 760 1392 834 τιμᾶν
1412 747 1494 818 θεόν.

299 854 412 913 Iterum
439 855 584 930 scalpello
607 856 757 912 utendum
778 861 840 911 est:
874 853 1047 913 excidenda
1069 857 1161 915 verba
1182 851 1222 916 ὅτι
1244 860 1306 929 ταῖς
1325 855 1426 930 αὐτοῖς
1445 855 1492 918 κό-

300 975 364 1032 ραις
384 951 541 1035 ὀφθαλμὸς
561 951 633 1035 ἐνῆν
652 950 750 1032 μέλας,
773 955 803 1011 in
824 955 933 1030 quibus
956 957 1142 1031 nequiquam
1157 958 1258 1016 adhuc
1274 977 1380 1018 omnes
1404 961 1495 1018 desu-

300 1058 422 1118 davere.
461 1058 581 1116 Etenim
603 1072 643 1115 ne
659 1057 844 1114 Toussaintii
868 1056 992 1132 quidem
1013 1058 1202 1132 ingeniosam
1225 1059 1431 1118 coniecturam
1453 1054 1494 1120 ὅτι

298 1145 390 1237 αὐτῆς
415 1157 448 1232 (i.
479 1176 506 1219 e.
524 1155 671 1236 Ἀθηνᾶς)
697 1147 796 1235 κόραις
827 1153 879 1218 οὐκ
906 1153 978 1235 ἐνῆν
1003 1154 1105 1234 μέλαν,
1135 1177 1215 1236 quae
1242 1162 1330 1220 nimis
1354 1161 1446 1237 longe
1477 1181 1495 1218 a

299 1259 419 1319 traditis
442 1260 539 1317 verbis
562 1260 659 1329 abest,
687 1260 847 1335 quisquam
870 1260 999 1334 probare
1023 1261 1144 1335 poterit.
1190 1260 1323 1320 Omnino
1345 1270 1495 1320 nouerat

300 1362 414 1437 Agroni
437 1376 539 1436 causa,
561 1363 646 1437 quod
662 1362 766 1420 odium
782 1362 926 1421 adversus
950 1361 1068 1420 caesios
1093 1363 1172 1420 deae
1188 1364 1291 1421 oculos
1311 1372 1491 1439 exponeret3

297 1461 354 1520 hos
384 1461 463 1520 enim
493 1465 531 1520 ab
554 1461 689 1538 antiquis
709 1463 799 1538 vulgo
825 1449 952 1520 ‘sinon
974 1463 1108 1531 vitiosos,
1133 1472 1236 1522 tamen
1259 1464 1372 1522 vitiosis
1393 1465 1493 1540 proxi-

298 1581 365 1623 mos
389 1553 520 1622 censeri²
535 1560 666 1622 notum2
688 1573 744 1624 est.
776 1565 816 1621 At
838 1564 1047 1640 interpolatori
1070 1565 1143 1623 illud
1165 1584 1228 1622 non
1250 1566 1322 1624 satis
1344 1574 1419 1639 erat,
1443 1565 1493 1641 qui

297 1666 427 1723 adderet
454 1653 553 1741 ‘quod
575 1665 685 1723 iisdem
708 1664 739 1738 (i.
755 1683 781 1724 e.
811 1665 846 1722 iis
869 1663 944 1740 quas
967 1665 1097 1740 scriptor
1118 1675 1209 1725 antea
1231 1664 1492 1738 commemoravit)

297 1766 462 1843 virginibus
487 1767 573 1842 niger
594 1767 700 1824 oculus
724 1755 806 1826 erat'.
840 1766 1014 1824 Antoninus
1037 1768 1083 1824 vel
1097 1768 1209 1842 Agron
1233 1767 1379 1825 Antonini
1402 1767 1491 1824 dixis·

297 1874 344 1925 set
372 1867 432 1939 ταῖς
458 1864 609 1947 ἀδελφαῖς
640 1867 732 1924 etiam
765 1857 925 1944 ὀφθαλμὸς
953 1867 1112 1942 singularis
1145 1869 1313 1924 admodum
1340 1867 1488 1942 displicet.

299 1967 411 2026 Nescio
438 1985 510 2026 vero
537 1985 578 2026 an
603 1968 724 2042 longius
755 1967 898 2042 progredi
924 1977 1065 2043 oporteat
1098 1977 1130 2026 et
1158 1969 1251 2025 verba
1279 1962 1427 2045 ἐχθαίρειν»
1460 1963 1492 2026 ἀὲ

297 2065 438 2148 παράπαν
458 2069 570 2148 γλαῦκα
592 2064 644 2146 τὴν
664 2062 742 2144 ὄρνιν
763 2067 830 2143 ipsa
852 2084 977 2144 quoque
990 2069 1144 2128 Antonino
1169 2069 1352 2128 abiudicare.
1390 2067 1492 2126 Causa

296 2170 385 2229 altius
406 2172 577 2247 repetenda
599 2177 655 2229 est.
693 2167 775 2240 Quid
798 2170 823 2224 si
844 2167 924 2226 ulula
947 2177 1009 2227 tum
1032 2171 1157 2227 omnino
1179 2189 1242 2227 non
1267 2165 1353 2229 erat?
1390 2169 1492 2226 Mero-

212 2288 215 2293 ·
295 2273 342 2348 pis
365 2280 476 2349 postea
497 2273 528 2328 in
551 2271 664 2328 ululum
686 2270 880 2338 convertitur,
915 2287 1005 2344 quarn
1027 2287 1114 2328 avem
1144 2271 1204 2328 iam
1226 2279 1319 2329 antea
1340 2270 1492 2328 exstitisse

297 2375 335 2433 ab
364 2373 512 2432 Antonini
539 2374 584 2430 vel
612 2367 712 2448 potius
741 2371 815 2430 Boei
842 2372 994 2430 sententia
1021 2371 1154 2428 alienum
1184 2381 1239 2432 est.
1284 2371 1384 2428 Boeus
1410 2370 1490 2427 enim

297 2474 460 2533 Athenaeo
483 2475 509 2533 si
530 2472 623 2530 fidem
645 2473 793 2530 habemus
816 2467 877 2548 (lib.
901 2471 945 2529 IX
966 2490 995 2546 p.
1013 2467 1100 2548 398),
1125 2461 1258 2530 καθόλου
1342 2459 1435 2530 πάντα
1456 2467 1491 2529 τὰ

298 2570 383 2655 ὄρνεα
405 2569 580 2652 ἀνθρώπους
600 2567 704 2650 ἱστορεῖ
726 2567 865 2651 πρότερον
885 2567 1030 2650 γεγονέναι
1041 2568 1061 2634 ³.

394 2695 424 2752 p.
446 2675 515 2746 21¹6,
535 2673 577 2734 '26
610 2675 705 2732 levius
738 2675 964 2734 emendandum
992 2682 1040 2731 est
1066 2675 1215 2731 mendum
1251 2661 1267 2730 ἀ
1299 2668 1331 2730 δὲ
1362 2668 1491 2730 κάκεῖνον

296 2774 428 2856 ἐποίησεν
458 2764 645 2854 νοκιικὸρακα
669 2775 725 2833 κτλ.
770 2775 847 2834 Cum
869 2790 960 2832 nemo
983 2783 1104 2850 praeter
1125 2772 1285 2832 Eumelum
1312 2773 1343 2830 in
1365 2770 1489 2830 νοκιικό-

295 2897 372 2956 ρακα
393 2885 596 2956 convertatur,
615 2867 665 2934 nal
680 2877 806 2935 voculae
829 2873 878 2934 liic
900 2877 1000 2933 locum
1019 2892 1081 2932 non
1097 2890 1165 2932 esse
1188 2875 1220 2931 in
1242 2873 1403 2932 manifesto
1427 2882 1488 2945 est;

239 2977 242 2982 ’
296 2981 469 3040 Antoninus
499 2977 616 3055 scripsit
644 2972 660 3036 d
688 2973 720 3037 δὲ
747 2974 856 3036 ἐκεῖνον
881 2973 1014 3054 ἐποίησεν
1040 2977 1106 3048 κτλ,
1134 2985 1169 3033 ut
1190 2985 1280 3036 antea
1303 2967 1322 3051 ἡ
1344 2969 1376 3033 δὲ
1397 2969 1490 3052 αὐτὴν

176 3189 228 3241 tab.
243 3200 274 3250 19

126 4080 128 4084 ⁵
175 4102 227 4154 tab.
241 4113 275 4151 πο

295 3077 428 3161 ἐποίησεν
450 3089 483 3140 et
501 3075 612 3159 Ἑρμῆς
632 3073 663 3139 δὲ
684 3075 771 3138 αὐτὸν
791 3074 914 3156 ἐποίησε.

392 3202 421 3260 p.
445 3197 515 3257 219,
537 3199 556 3255 4
586 3190 657 3241 ante
679 3179 782 3259 mopsi
802 3179 931 3238 articulo
955 3179 1000 3236 uix
1014 3195 1187 3254 vpossumus
1210 3195 1324 3246 carere,
1347 3177 1397 3253 qui
1419 3183 1489 3252 post

295 3306 355 3344 -ται
376 3285 524 3360 syllabam
540 3282 668 3340 omissus
689 3291 752 3354 est3
777 3281 859 3338 idem
881 3280 1020 3338 inversu
1043 3279 1094 3356 qui
1116 3281 1273 3356 praecedit
1293 3278 1405 3336 factum
1428 3285 1487 3334 est:

294 3379 443 3464 κατέχουσι
465 3381 498 3444 δὲ
519 3373 550 3442 td
573 3378 676 3460 ἄντρον
696 3376 769 3460 (αἱ)
790 3375 866 3458 ἱεραὶ
886 3375 1013 3457 μέλιτται
1034 3374 1106 3458 (αἱ)
1127 3377 1227 3458 τροφοὶ
1248 3380 1299 3434 τοῦ
1320 3367 1401 3451 Διός.

395 3503 424 3562 p.
442 3497 511 3559 κιο,
531 3495 565 3541 12
590 3501 644 3559 pro
667 3481 773 3541 κολοιοὶ
794 3482 902 3558 reponi
923 3483 1045 3557 oportet
1069 3475 1177 3548 uslauk
1198 3481 1260 3536 viro
1283 3479 1362 3536 enim
1385 3481 1437 3553 qui
1459 3481 1489 3534 in

295 3587 512 3662 cognominem
535 3600 622 3645 avem
638 3583 908 3643 transformabatur
927 3581 981 3655 (cl.
998 3591 1167 3640 ceterorum
1189 3580 1345 3638 hominum
1365 3581 1489 3639 nomina

294 3689 524 3763 fabularumque
559 3685 734 3745 laterculum
763 3702 792 3759 p.
818 3699 886 3762 201,
904 3677 946 3762 ι),
978 3701 1091 3740 nomen
1119 3680 1175 3739 fuit
1197 3677 1314 3752 Κελεάς,
1359 3679 1489 3738 Accedit

295 3790 387 3850 aliud.
417 3789 463 3848 Ex
476 3787 671 3847 Artemidoro
694 3785 718 3854 Ι,
737 3799 777 3843 20
799 3793 829 3843 et
850 3784 903 3854 IV,
917 3783 956 3858 56
977 3779 1106 3854 κολοιοὺς
1118 3781 1197 3839 male
1220 3784 1372 3840 ominatos
1396 3781 1489 3838 tuisse

295 3891 505 3969 comperimus,
528 3889 707 3965 quibuscum
728 3886 876 3944 Antonini
898 3887 989 3945 verba
1003 3879 1053 3942 καὶ
1068 3881 1140 3942 εἰσιν
1160 3878 1272 3960 ἀγαθοὶ
1293 3876 1427 3960 periurae
1439 3879 1488 3937 aral

294 3989 427 4064 ἐπιτελεῖς
447 3987 527 4070 παρὰ
548 3984 615 4060 ιοάς
635 3982 737 4058 ἄλλους
757 3981 878 4063 ὄρνιθας
899 3985 1051 4045 conciliari
1074 3994 1238 4060 nequeunt.

393 4110 423 4172 p.
441 4107 512 4168 219,
531 4105 566 4167 27
604 4086 657 4168 τὴν
681 4083 737 4167 γὰρ
762 4091 819 4148 τῶν
845 4081 918 4148 ὄνων
940 4081 1048 4148 tuate
1068 4081 1101 4144 ἐν
1119 4078 1317 4161 Ὑπερβορέοις
1344 4075 1488 4159 ἀγομένην

295 4190 375 4280 einp
396 4189 467 4253 καθ’
493 4187 598 4272 ἡδονὴν
619 4180 701 4250 εἶναι.
745 4189 866 4248 Deesse
888 4205 994 4246 vocem
1013 4182 1105 4262 μόνος
1125 4201 1307 4262 quamquam
1329 4183 1381 4242 viri
1404 4181 1488 4242 docti

314 4414 318 4432 ,
395 4358 407 4396 ¹
424 4365 454 4414 N
470 4353 666 4432 ἐφελκνσινκὸν
683 4357 763 4408 tacite
780 4352 885 4422 ubique'
900 4369 914 4404 e
933 4353 1025 4404 codice
1042 4351 1151 4403 restitui.
1282 4425 1285 4434 Ι

298 4431 303 4447 ’
393 4444 461 4499 2Ci.
480 4447 625 4514 Verheykii
646 4444 842 4496 annotationem
865 4439 935 4508 apud
953 4441 1090 4492 Kochium
1109 4457 1135 4506 p.
1153 4439 1211 4490 181.

393 4532 404 4569 θ
423 4537 497 4602 Quae
515 4537 558 4586 vix
572 4535 637 4586 alibi
655 4535 742 4584 locum
756 4532 881 4582 habuisse
899 4547 977 4596 quam
995 4531 1024 4580 in
1040 4528 1176 4595 prooemio
1198 4525 1317 4576 carminis
1331 4521 1487 4573 Knaackius

293 4627 310 4677 1.
330 4642 353 4679 c.
371 4639 426 4692 p.9
448 4631 516 4676 recte
535 4622 703 4675 contendisse
721 4621 834 4675 videtur.
870 4619 961 4672 Aliter
969 4616 1190 4672 Wilamowitzius
1209 4615 1317 4673 iudicat,
1336 4613 1381 4679 qui
1397 4626 1429 4660 ea
1440 4610 1486 4658 ho-

293 4714 388 4766 minem
408 4715 449 4766 cui
467 4713 586 4764 notitiam
606 4710 725 4762 carolinis
744 4709 826 4760 debet
844 4708 1010 4768 Athenaeus,
1028 4707 1060 4756 de
1078 4721 1126 4756 suo
1144 4703 1276 4756 addidisse
1300 4701 1446 4752 arbitratur.
