3490 5286
802 345 1003 408 ..26-

307 529 356 590 καὶ
378 527 471 610 αὐτὴν
491 519 662 607 ἐξεκόμισαν
673 525 873 608 Ἡρακλεῖδαι·
897 523 1001 617 [ᾤκουν
1022 526 1153 608 dirrupit
1174 528 1222 603 τὰς
1231 527 1389 611 Ἠλέκτρας
1411 528 1502 606 πύλας

307 625 411 708 ὅθιιιερ
432 629 481 690 καὶ
495 627 644 708 Ἡρακλῆς
663 627 695 690 ἒν
716 629 747 714 τῇ
770 618 883 716 ἀγορᾷ]
913 635 1056 691 Extrema
1077 651 1157 709 quae
1180 635 1290 708 στερεῖ,
1313 636 1413 709 spuria
1426 653 1498 694 esse

308 733 447 792 videntur
462 742 523 792 tres
539 734 580 791 ob
596 751 714 792 causas.
742 734 840 792 Prima
863 744 918 803 est,
935 735 1020 812 quod
1042 736 1134 793 verba
1155 735 1339 794 alienissimo
1359 736 1499 811 leguntur

308 831 403 892 Ιοοο5
424 835 631 912 orationisque
657 844 795 892 tenorem
819 836 941 893 mirifice
964 836 1195 911 interrumpunt.
1239 835 1353 904 Altera,
1376 837 1447 912 quia
1468 833 1500 895 ἐν

307 928 342 1016 τῇ
365 931 459 1017 ἀγορᾷ
488 953 649 1010 perperam
677 947 747 1012 post
767 931 917 1013 Ἡρακλῆς
942 937 1065 994 demum
1093 937 1274 995 collocatum
1296 946 1351 998 est.
1395 938 1501 997 Tertia

308 1052 345 1094 ac
365 1036 548 1112 gravissima,
562 1036 737 1093 Thebarum
760 1036 841 1094 urbis
863 1038 1029 1113 descriptio
1051 1039 1093 1096 sic
1116 1055 1239 1112 prorsus
1262 1039 1412 1100 evertitur.
1448 1039 1500 1096 Vi·

309 1137 423 1195 delicet
444 1137 543 1196 sorum
557 1139 641 1196 iuxta
654 1136 799 1196 Poetides
815 1148 936 1214 portam
957 1140 988 1196 in
1006 1140 1236 1215 septentrionali
1248 1140 1378 1198 maxime
1394 1140 1502 1217 oppidi

309 1247 395 1314 parte
417 1239 507 1297 situm
530 1235 646 1296 fuissel
670 1248 798 1314 constat,
827 1249 949 1297 constat
970 1257 1032 1297 non
1051 1240 1150 1312 minus
1172 1241 1306 1299 Electrae
1329 1251 1448 1318 portam
1469 1243 1501 1298 in

271 1364 276 1374 ¹
307 1340 474 1399 meridiana
487 1339 769 1430 Thebarum'parte
794 1340 899 1400 fuisse:
924 1357 997 1416 ergo
1021 1341 1255 1398 disiunctissime
1271 1360 1412 1418 quaeque
1428 1361 1500 1400 con·

307 1440 404 1498 iunxit
433 1443 592 1516 glossator.
636 1441 736 1513 Quem
769 1442 799 1498 in
830 1442 974 1498 Antonini
1003 1443 1168 1516 exemplari
1194 1438 1281 1500 πάλιν
1306 1452 1377 1501 ante
1403 1442 1443 1515 (ν.
1469 1443 1501 1519 7)

307 1559 369 1598 non
392 1530 476 1600 πόλιν
496 1543 608 1617 legisse
632 1560 669 1598 ex
692 1543 759 1616 ipso
783 1543 997 1600 additamento
1020 1543 1120 1600 otioso
1143 1551 1174 1600 et
1196 1543 1301 1619 inepto
1324 1544 1448 1606 efficias,

190 1654 241 1706 fab.
254 1665 286 1720 35
406 1663 435 1718 p.
460 1659 529 1717 232,
552 1661 586 1717 3¹
606 1662 649 1719 sq.
681 1643 802 1700 Latona
824 1645 865 1701 ad
886 1643 1023 1700 Melitam
1045 1643 1162 1701 fontem
1184 1653 1217 1702 ut
1238 1651 1378 1718 pastores
1399 1660 1506 1718 poena,

309 1743 422 1802 alliciat
443 1745 574 1813 rediens,
599 1744 656 1801 hos
678 1743 802 1812 invenit,
826 1750 895 1802 cum
917 1747 1011 1803 boves
1039 1745 1194 1804 lavabant:
1222 1741 1272 1802 καὶ
1301 1736 1329 1801 οἱ
1355 1739 1412 1819 μὲν
1433 1737 1501 1803 itua-

308 1840 424 1903 λούοντο
446 1837 484 1904 ἔτι
508 1841 589 1921 παρὰ
615 1841 665 1927 τὴν
688 1839 796 1921 κρήνην
819 1841 881 1916 τοὶς
904 1846 984 1920 duic.
1022 1841 1081 1904 Ἔτι
1104 1845 1229 1904 voculae
1252 1846 1337 1903 locus
1360 1863 1422 1902 non
1445 1853 1502 1913 est,

309 1961 335 2008 v.
360 1962 398 2003 22
422 1947 502 2004 enim
524 1945 609 2020 Lycii
635 1954 668 2002 ut
693 1955 832 2004 armenta
853 1947 1002 2017 biberent,
1032 1965 1155 2006 curasse
1177 1953 1347 2024 narrantur,
1370 1939 1446 2016 ὅπως
1465 1937 1502 2004 ἂν

309 2042 405 2117 αὐτοῖς
425 2041 451 2104 οἱ
473 2042 540 2123 βόες
559 2039 592 2104 ἐκ
613 2049 664 2123 τῆς
683 2041 789 2124 κρήνης
809 2043 920 2108 πίωσιν.
954 2047 1047 2105 Porro
1062 2049 1201 2106 medialis
1226 2047 1323 2106 forma
1345 2047 1502 2114 transitivo

310 2147 447 2205 adhibita
470 2165 563 2206 sensu
584 2147 657 2204 mihi
678 2147 876 2227 improbatur,
898 2150 1074 2222 praesertim
1098 2167 1167 2207 cum
1187 2150 1315 2225 scriptor
1329 2149 1393 2224 ipse
1415 2150 1446 2206 in
1461 2147 1503 2206 vi·

310 2249 388 2306 cinia
410 2245 451 2322 (v.
466 2264 502 2306 22
520 2258 552 2305 et
570 2242 623 2326 27)
648 2248 694 2306 bis
718 2248 776 2307 hac
792 2248 1010 2326 significatione
1024 2250 1153 2308 activum
1167 2251 1308 2326 posuerit.
1339 2249 1502 2325 Corrupte·

313 2351 360 2409 lae
376 2351 524 2426 originem
540 2351 584 2407 sic
605 2351 735 2424 explico,
758 2359 791 2407 ut
807 2367 885 2426 quae
900 2368 980 2408 nunc
996 2352 1136 2426 leguntur
1158 2345 1501 2412 ΑΠΕΛΟΥΟΝῘΟΕῘΙ

312 2454 383 2510 olim
406 2453 516 2512 fuerint
538 2447 877 2514 ΑΠΕΛΟΥΟΝΤΟΤΕ.

194 2563 246 2615 lab.
258 2575 292 2628 37
409 2573 436 2629 p.
451 2570 546 2628 234‚1
573 2553 656 2614 αὐτοὶ
670 2550 696 2614 δ’
712 2549 872 2632 ἐγεώργουν
894 2549 931 2632 ἣν
951 2549 1091 2613 ἐδάσαντο
1106 2549 1187 2631 παρὰ
1208 2555 1258 2612 τοῦ
1278 2546 1418 2628 βασιλέως
1436 2555 1501 2630 γῆν.

311 2650 473 2713 Δατεῑσθαι
485 2657 543 2733 γῆν
567 2645 693 2715 ‘terram
715 2644 867 2714 dividere³
883 2655 942 2712 dici
964 2662 1078 2730 potest,
1100 2651 1251 2712 δαιτῑσθιιι
1266 2657 1324 2731 γῆν
1338 2648 1419 2729 nupsi
1433 2672 1505 2722 τινος

310 2755 392 2812 nihili
413 2765 469 2814 est.
500 2759 684 2834 Scriptorem
700 2758 826 2815 dedisse
842 2757 979 2832 suspicor
992 2760 1017 2812 2τ
1043 2750 1080 2832 ἢν
1097 2747 1228 2825 ἐδέξαντο
1253 2750 1332 2830 παρὰ
1352 2757 1402 2812 τοῦ
1421 2753 1504 2828 βασι-

310 2849 380 2928 λέως
399 2852 461 2942 γῆν.
500 2930 502 2943 Α

409 2978 438 3035 p.
456 2976 524 3034 230,
539 2975 579 3034 30
603 2961 692 3020 Plura
714 2969 786 3038 post
808 2956 861 3042 οὐν
882 2957 963 3045 αὐτῷ
985 2958 1097 3018 omissa
1118 2974 1185 3015 esse
1208 2958 1372 3026 contendo,
1395 2957 1504 3032 quibus

310 3061 353 3118 de
373 3061 565 3120 matrimonio
589 3071 620 3120 et
643 3064 683 3120 de
706 3063 860 3123 domicilio
884 3060 1042 3120 Diomedis
1064 3075 1161 3117 sermo
1188 3058 1286 3116 fuerit.
1329 3057 1451 3114 Etenim
1473 3065 1505 3124 et

310 3161 469 3233 continuat
491 3163 663 3224 Antoninus
686 3159 737 3222 δύο
760 3158 791 3224 δέ
814 3159 919 3234 παῖδας
938 3155 1010 3243 έοχε,
1043 3169 1074 3219 et
1097 3167 1208 3238 postea
1230 3178 1256 3221 v.
1280 3176 1318 3234 33
1344 3159 1383 3216 de
1406 3155 1503 3216 insula

308 3262 339 3319 in
359 3281 421 3338 qua
441 3263 567 3324 heroem
588 3265 786 3344 sepeliebant,
809 3267 851 3323 ita
876 3267 948 3340 agit,
973 3273 1129 3336 tamquam
1150 3278 1241 3337 supra
1263 3268 1501 3318 commemorata

310 3363 355 3424 sit.
400 3363 503 3436 Quare
526 3367 598 3426 talia
621 3367 771 3426 excidisse
794 3366 917 3442 opinor:
945 3359 1032 3434 αὐτὸς
1052 3358 1083 3422 δέ
1105 3359 1159 3440 τὴν
1181 3356 1312 3419 Δαονίοο
1331 3354 1430 3438 γήμας
1451 3363 1506 3436 νῆ-

309 3480 359 3520 σον
382 3461 501 3542 πλησίον
522 3461 653 3544 κειμένην
674 3463 789 3552 ᾤκησεν.

189 3567 241 3618 fab·
252 3578 284 3630 39
411 3584 440 3642 p.
459 3582 563 3642 235,3
594 3569 752 3644 Xylander
774 3568 826 3644 qui
848 3560 927 3646 γένος
950 3563 976 3625 δ’
1001 3552 1038 3645 ἧν
1056 3563 1093 3625 τέ
1120 3562 1149 3642 (i.
1172 3583 1199 3624 e.
1221 3558 1281 3640 riv)
1305 3556 1507 3640 Νικοκρέοντος

311 3664 442 3735 exhibet,
472 3687 540 3726 cum
569 3669 695 3728 alteram
725 3669 865 3726 lineolam
894 3686 985 3744 supra
1013 3669 1029 3726 ὃ
1056 3667 1086 3724 in
1112 3661 1149 3723 ri*
1178 3664 1368 3742 typographo
1399 3663 1506 3721 deberi

311 3781 469 3849 appareat,
491 3766 522 3829 τὸ
544 3765 749 3848 Νικοκρέοντος
769 3770 902 3828 voluisse
925 3770 1053 3827 videtur.
1082 3767 1228 3826 Liberalis
1250 3766 1374 3843 quidem
1396 3783 1505 3840 saepe-

310 3891 436 3932 numero
469 3881 540 3932 aute
574 3873 749 3946 genetivum
782 3871 939 3929 articulum
971 3869 1096 3945 repetit;
1130 3867 1166 3928 cf.
1195 3887 1222 3926 e.
1245 3885 1272 3942 g.
1300 3885 1330 3942 p.
1356 3882 1424 3935 201,
1446 3880 1505 3940 3ι;

313 3991 383 4047 202,
407 3991 460 4050 293
490 3989 559 4048 204,
582 3972 635 4041 28;
664 3971 809 4041 206,11;
841 3987 911 4045 214,
935 3985 990 4046 353
1018 3969 1088 4046 218,
1112 3984 1142 4043 2;
1168 3983 1236 4046 219,
1256 3982 1291 4025 21
1318 3961 1380 4043 (ubi
1403 3983 1505 4026 emen·

314 4078 452 4134 dandum
475 4072 524 4134 τὸν
542 4061 739 4149 Ἀπόλλωνος)
762 4073 845 4134 alias

411 4264 422 4302 ¹
442 4269 519 4332 Quod
543 4283 557 4317 e
576 4267 722 4317 Pausaniae
743 4266 796 4331 IX,
818 4277 857 4328 17,
879 4277 899 4323 1,
925 4262 1065 4328 Sophoclis
1085 4262 1152 4312 Oed.
1172 4277 1226 4324 reg.
1249 4275 1273 4310 v.
1294 4261 1353 4327 161,
1372 4259 1507 4310 Plutarchi

313 4359 357 4410 vit.
368 4357 480 4408 Aristid.
501 4372 555 4421 cap.
567 4367 601 4406 το
621 4355 791 4421 eiusdemque
811 4354 844 4402 de
864 4353 943 4416 genio
955 4352 1026 4402 Socr.
1046 4367 1102 4416 cap.
1115 4362 1148 4414 34
1169 4349 1358 4400 ratiocinamur.
1395 4349 1506 4398 Dubita-

314 4447 381 4497 tioni
400 4446 443 4496 vix
463 4448 538 4496 datur
556 4445 645 4504 locus;
666 4445 698 4495 cs.
713 4443 833 4492 Bursiani
854 4441 959 4492 Griech.
971 4439 1141 4506 Geographie
1156 4438 1208 4490 vol.
1228 4440 1242 4487 1
1260 4455 1285 4504 p.
1302 4438 1352 4488 228
1372 4451 1461 4499 ann.4
1482 4443 1507 4486 et

312 4536 380 4586 ibid.
401 4535 507 4586 alteram
526 4534 640 4584 chartam
660 4531 870 4598 geographicam.

412 4619 580 4690 ²Xylander
598 4622 641 4672 hic
660 4621 753 4671 unicus
774 4621 847 4670 testis
865 4625 920 4678 est;
946 4625 1061 4668 ceterum
1081 4633 1132 4666 non
1153 4616 1215 4676 duo,
1243 4621 1272 4664 ut
1290 4616 1506 4666 Westermannus

316 4714 349 4763 ad
367 4727 427 4780 pag.
439 4725 500 4780 233,
513 4723 545 4778 25
565 4712 638 4773 dixit,
657 4711 802 4761 sedunum
821 4724 835 4758 e
854 4708 945 4758 codice
962 4706 1056 4758 folium
1075 4705 1118 4755 hic
1135 4701 1263 4758 ,evulsum'
1274 4711 1322 4754 est.
