3490 5302
896 1136 927 1208 Il

414 1357 561 1429 Quamvis
584 1353 739 1431 complura
765 1373 844 1431 quae
870 1355 930 1413 huc
952 1357 1114 1432 pertinent,
1143 1357 1203 1413 iam
1226 1373 1317 1432 supra
1340 1357 1509 1415 identidem

319 1461 480 1534 attigerim,
503 1459 544 1515 de
567 1457 720 1533 scriptoris
743 1474 884 1515 sermone
906 1459 999 1534 paulo
1015 1458 1109 1516 fusius
1132 1457 1366 1533 diligentiusque
1388 1459 1527 1534 disceps

314 1570 380 1620 tare
406 1567 569 1637 propterea
599 1577 713 1634 operae
739 1560 868 1634 pretium
891 1577 960 1618 esse
983 1561 1077 1616 visum
1105 1567 1161 1626 est,
1195 1560 1279 1635 quod
1302 1559 1375 1616 inde
1398 1560 1522 1640 aetatis,

315 1682 375 1738 qua
398 1661 571 1719 Antoninus
592 1659 734 1730 floruerit,
758 1660 860 1718 adhuc
881 1677 1005 1736 prorsus
1027 1660 1187 1735 ambiguae
1212 1667 1287 1718 nota
1310 1660 1441 1718 fortasse
1457 1651 1507 1717 'in-

314 1763 408 1820 veniri
429 1771 542 1838 potest,
565 1771 595 1820 et
618 1762 764 1819 Antonini
788 1762 991 1822 elocutionem
1014 1781 1068 1838 per
1089 1781 1123 1820 se
1146 1763 1243 1837 ipsam
1265 1781 1328 1820 non
1349 1762 1507 1837 indignam

313 1881 383 1922 esse
405 1864 539 1922 intellexi
558 1863 588 1920 in
611 1880 703 1940 quam
724 1881 793 1921 cum
816 1864 965 1921 industria
984 1864 1212 1940 inquireremus.

413 1965 454 2022 Et
475 1973 509 2022 ut
530 1981 548 2021 a
570 1964 729 2021 verborum
751 1964 939 2039 supellectile
964 1964 1150 2040 incipiamus,
1174 1983 1192 2021 a
1212 1973 1373 2040 poetarum
1395 1965 1508 2040 compi·

314 2067 411 2124 latore
433 2066 542 2123 multas
563 2065 702 2141 poeticas
724 2072 887 2141 usurpatas
910 2083 977 2122 esse
1001 2083 1093 2122 voces
1115 2082 1205 2123 nemo
1229 2065 1433 2123 demirabitur.
1462 2065 1508 2122 Ac

313 2181 353 2224 ne
374 2167 408 2224 id
430 2166 554 2241 quidem
576 2155 760 2233 mirabimur,
783 2166 868 2239 quod
889 2183 1013 2240 perrara
1040 2167 1155 2241 aliquot
1176 2175 1340 2224 occurrunt
1362 2167 1508 2223 vocabula

313 2277 345 2326 et
372 2267 613 2343 exquisitissima,
648 2265 749 2323 fontes
778 2267 886 2340 quibus
917 2256 1017 2324 ‘labra
1042 2255 1169 2343 proluit'
1190 2267 1328 2342 scriptor,
1363 2266 1507 2342 imprimis

312 2377 422 2443 poetas
451 2367 674 2426 Alexandrinos
702 2365 818 2425 fuisse¹
845 2369 871 2424 si
903 2369 1063 2426 nobiscum
1094 2369 1343 2444 reputaverimus.
1370 2384 1374 2390 ·
1400 2368 1506 2440 Quare

313 2487 390 2528 sane
412 2487 490 2545 quae
516 2477 564 2527 est
590 2469 630 2526 de
656 2469 844 2544 temporibus
864 2469 1011 2528 Antonini
1039 2470 1252 2546 quaestionem
1275 2469 1507 2544 quodammodo

313 2571 452 2647 impediri
476 2579 611 2646 apparet.
657 2568 756 2627 Primo
786 2588 860 2644 ergo
886 2572 1032 2628 laterculo
1060 2589 1113 2630 eas
1138 2572 1169 2628 in
1198 2579 1367 2646 conspectu
1390 2587 1507 2645 ponere

312 2672 402 2729 liceat
426 2688 530 2741 voces,
553 2688 632 2746 quae
654 2671 712 2728 nisi
734 2690 752 2729 a
774 2673 876 2748 poetis
898 2673 1022 2731 omnino
1046 2672 1202 2731 adhibitae
1225 2689 1377 2730 essenon
1402 2672 1505 2728 viden-

313 2770 396 2833 tur2.
439 2773 522 2830 Ecce
545 2772 640 2832 verba
661 2789 680 2828 a
702 2774 837 2847 pedestri
859 2773 999 2831 oratione
1021 2775 1112 2850 plane
1135 2774 1234 2831 aliena
1247 2768 1272 2832 ³:

416 2869 444 2948 ι)
466 2867 668 2949 διχόμυθος
687 2890 716 2948 p.
733 2887 802 2946 223,
824 2889 872 2948 29·
932 2873 1035 2932 Solon.
1057 2871 1161 2947 fragm.
1175 2889 1256 2946 42‚4
1280 2868 1377 2948 (quod
1400 2872 1505 2930 Soloni

313 2974 468 3033 abiudicat
489 2972 646 3049 Bergkius,
669 2974 803 3033 Cobetus
827 2975 868 3032 ibi
889 2991 1050 3051 perperam
1077 2968 1238 3050 διχόθνμος
1259 2968 1408 3050 scripsit);
1436 2975 1507 3033 Eur.

313 3073 366 3133 Or.
388 3075 458 3150 890.

365 3315 379 3355 Ι
410 3271 534 3326 ¹Utrum
554 3290 586 3324 ex
604 3275 666 3340 ipsis
687 3277 768 3341 poetis
786 3293 818 3326 an
842 3293 857 3326 e
879 3277 949 3327 sonte
969 3277 1121 3327 secundario
1142 3277 1292 3328 Antoninus
1317 3277 1439 3335 hauserit,
1463 3276 1505 3326 hic

310 3363 393 3412 nolim
412 3364 563 3414 decernere.

409 3447 422 3486 2
439 3453 508 3502 Dico
523 3452 654 3512 videntur,
665 3451 860 3514 longius'enim
878 3460 906 3503 ut
922 3455 1127 3520 progrediamur,
1146 3469 1211 3519 quae
1230 3459 1268 3502 est
1286 3452 1312 3501 in
1331 3453 1380 3502 hac
1398 3468 1426 3503 re
1447 3454 1506 3504 sub·

310 3540 436 3589 sidiorum
456 3538 542 3589 adhuc
561 3547 649 3590 natura
672 3540 741 3589 haud
760 3540 894 3606 permittit.
936 3542 1056 3591 Adhibui
1076 3558 1138 3591 vero
1158 3547 1258 3607 praeter
1276 3541 1423 3592 thesaurum
1441 3543 1507 3591 Din-

310 3628 399 3680 dorfii:
428 3627 487 3677 The
507 3643 567 3678 new
585 3627 752 3693 Phrynichus
770 3627 806 3694 by
825 3627 1000 3687 Rutherlord,
1026 3630 1140 3679 indicem
1159 3629 1360 3679 Aristotelicum
1385 3630 1505 3688 Bonitzii‚

309 3716 419 3766 Diodori
437 3716 550 3765 indicem
563 3733 578 3766 a
590 3716 773 3778 Wesselingio
793 3716 948 3776 conlectum,
967 3717 1070 3776 lexicon
1093 3716 1276 3767 Plutarcheum
1297 3718 1506 3785 Wyttenbachii‚

309 3805 393 3871 Pappi
410 3804 585 3854 Alexandrini
601 3805 812 3856 ...Graecitatis
831 3805 941 3855 indicem
960 3808 1028 3858 coni.
1048 3807 1169 3865 Hultsch,
1189 3807 1375 3856 vocabulorum
1394 3822 1459 3871 quae
1477 3806 1505 3855 in

309 3892 449 3942 Iamblichi
475 3893 508 3942 de
534 3893 586 3942 vita
609 3891 785 3959 Pythagorica
803 3893 877 3943 libris
896 3894 1018 3958 leguntur
1034 3895 1188 3944 laterculum
1215 3911 1291 3962 quem
1312 3893 1420 3944 editioni
1445 3909 1506 3943 suae

309 3980 412 4031 addidit
425 3981 571 4042 Nanckius,
585 3981 692 4031 lexicon
715 3982 875 4032 Lucianeum
888 3983 997 4042 Reitzii,
1011 3983 1129 4034 Reimari
1147 3984 1333 4034 vocabulorum
1352 3999 1415 4048 quae
1435 3982 1505 4048 apud

309 4068 426 4119 Cassium
439 4070 550 4120 Dionem
569 4075 706 4120 occurrunt
725 4068 886 4137 laterculum,
900 4071 1003 4122 Wahlii
1023 4071 1122 4121 clavem
1140 4073 1200 4122 Vet.
1219 4073 1289 4123 Test.
1309 4071 1505 4138 philologicam,

307 4156 409 4207 lexicon
418 4158 487 4210 Nou.
496 4160 568 4210 Test.
588 4164 692 4208 auctore
703 4158 811 4217 Grimm,
822 4160 936 4209 Veitchii
947 4160 1027 4223 greelr
1045 4160 1121 4212 verb.
1138 4160 1272 4227 irregular‚
1289 4160 1376 4210 Greek
1388 4161 1505 4210 Lexicon

308 4246 400 4296 nithe
419 4248 527 4297 Roman
546 4254 595 4296 etc.
615 4247 725 4297 Periods
744 4247 780 4312 by
798 4248 829 4300 E.
850 4249 887 4297 A.
908 4247 1062 4313 Sophocles.

408 4331 419 4368 θ
436 4335 568 4385 Nimirum
588 4335 726 4402 scriptores
746 4337 790 4401 qni
803 4337 895 4386 Ionica
911 4336 1051 4386 utebantur
1070 4337 1190 4396 dialecto,
1209 4337 1258 4386 snb
1278 4338 1389 4388 eandem
1410 4339 1507 4388 cadunt

308 4422 444 4485 rationem3
464 4424 554 4474 nescio
569 4423 657 4487 igitur,
669 4440 701 4473 an
714 4423 766 4474 hnc
778 4425 907 4490 pertineat
918 4425 994 4474 etiam
1009 4420 1136 4492 αἰγυπιὸς
1152 4425 1188 4491 (p.
1200 4417 1260 4491 20'6,
1275 4426 1316 4494 17)
1335 4428 1388 4476 avis
1399 4443 1504 4485 nomen,

308 4510 342 4559 de
369 4526 422 4576 quo
442 4510 537 4561 Suidas
556 4510 621 4576 dicit
639 4504 780 4578 oiyvrrro'v·
800 4506 883 4570 οὕτως
910 4513 936 4563 ol
954 4514 1073 4579 παλαιοί,
1091 4507 1147 4564 ἀλλ’
1177 4505 1208 4564 oir
1231 4512 1306 4580 γῦπα
1326 4511 1369 4578 (cl.
1389 4515 1505 4564 Ruther·

309 4600 376 4653 sord.
391 4600 409 4651 l.
426 4599 443 4650 l.
459 4615 485 4664 p.
504 4611 534 4662 19
556 4616 596 4651 an.
616 4599 652 4668 3),
673 4609 758 4652 tamen
778 4617 837 4652 cnm
855 4619 881 4668 p.
898 4614 958 4662 222,
979 4603 1009 4652 16
1032 4599 1092 4670 γὺψ
1117 4619 1222 4669 quoque
1242 4610 1268 4652 et
1289 4605 1374 4670 ipsum
1393 4605 1420 4654 in
1438 4605 1505 4654 Boei

307 4689 455 4738 narratione
474 4697 598 4749 occurrat,
616 4689 711 4740 rectius
730 4690 839 4740 tortasse
858 4691 924 4739 duas
946 4691 1137 4754 distinguemus
1155 4691 1283 4744 volucres
