3490 5286
782 281 983 338 ‚24-

282 447 387 530 χρόνον
408 448 455 511 τὸν
476 439 645 526 ἱκνοῦμενον
665 449 814 508 Muncker
835 449 1027 526 participium
1046 449 1191 526 temporis
1207 449 1377 526 praesentis
1392 466 1480 524 repo·

287 554 354 615 suit.
399 553 493 626 Quod
514 561 549 611 ut
571 553 685 628 optime
708 551 824 610 iactum
849 558 906 622 est,
935 550 977 608 ita
1000 553 1093 612 etiam
1115 551 1274 611 articulum
1298 550 1405 608 melius
1426 549 1482 608 ad·

287 655 457 729 iungemus

169 759 222 813 tab.
233 771 266 822 29
384 774 413 831 p.
432 769 501 830 227,
521 753 559 811 26
595 772 651 830 pro
680 747 712 810 oi
739 749 777 830 δὴ
799 751 917 830 Μοῖραι
943 753 1045 811 malim
1072 747 1104 811 αἱ
1137 749 1167 814 δὲ
1191 753 1317 830 Μοῖραι,
1348 749 1383 832 δὴ
1411 772 1482 812 vero

257 893 259 898 ·
287 855 435 931 particula
468 875 486 912 e
518 857 727 931 praecedente
761 854 971 914 enuntiatione
1006 854 1066 912 buc
1097 855 1214 913 intrusa
1246 874 1317 914 esse
1353 856 1481 913 videtur.

287 956 390 1014 Verba
412 956 494 1014 enim
516 973 596 1032 quae
619 963 772 1032 secuntur,
803 955 952 1031 prioribus
975 956 1206 1031 quodammodo
1228 957 1380 1016 contraria
1401 963 1480 1025 srmt,

288 1057 402 1115 deinde
425 1052 463 1135 δὴ
486 1055 610 1115 omnino
632 1055 816 1114 rarissimum
838 1057 922 1132 apud
945 1057 1116 1115 Liberalem
1137 1057 1304 1117 invenitur:
1328 1077 1356 1134 p.
1375 1073 1443 1135 210,
1463 1072 1481 1130 5

288 1161 471 1217 antemium
493 1159 675 1216 collocatum
697 1165 729 1216 et
751 1176 780 1233 p.
803 1172 872 1232 224,
891 1173 929 1231 24
952 1175 1007 1234 per
1028 1153 1060 1217 δὲ
1082 1157 1198 1218 fultum

386 1278 417 1335 p.
435 1257 537 1333 228,3
562 1253 617 1335 πρὸ
635 1251 812 1334 Ἡρακλέους
831 1251 933 1336 ἑορτῆς
955 1253 1033 1335 (erat
1052 1252 1143 1341 ἑορτῇ,
1168 1261 1253 1336 quod
1275 1260 1396 1319 Bastius
1419 1277 1482 1318 cor-

288 1356 375 1436 rexit)
391 1355 497 1420 θύουσι
515 1357 543 1415 Γ
539 1353 688 1417 obvertor
701 1353 806 1442 πρώτῃ.
833 1355 1026 1417 Schneiderl
1048 1355 1112 1445 αρῴ
1134 1355 1309 1438 Ἡρακλέους
1329 1354 1410 1445 ἑορτῇ
1424 1360 1481 1420 κτλ.

289 1461 416 1538 scripsit.
461 1459 540 1519 Nam
565 1468 597 1518 ut
619 1459 714 1535 ipsius
737 1470 805 1518 utar
826 1460 935 1537 verbis,
961 1447 1200 1519 ‘Westennanni
1223 1462 1314 1520 lectio
1337 1461 1406 1519 ferri
1430 1481 1484 1518 ne·

290 1561 362 1636 quit,
384 1559 440 1618 nisi
462 1560 547 1618 simul
571 1545 667 1643 τιραλτῃ
688 1559 795 1618 deleas
814 1578 874 1635 quo
886 1560 1010 1620 Herculi
1033 1564 1172 1620 secundo
1195 1570 1266 1621 ante
1282 1562 1420 1622 Herculis
1442 1563 1456 1620 f
1473 1593 1483 1604 ·

288 1671 369 1720 stum
391 1661 474 1718 diem
498 1677 585 1720 sacra
610 1678 679 1719 esse
702 1660 785 1720 iacta
806 1669 889 1719 tecte
912 1651 1149 1736 significaretur'.
1193 1663 1235 1720 At
1262 1663 1336 1738 quid
1360 1665 1484 1721 tandem

288 1763 399 1831 obstat,
423 1761 584 1837 quominus
606 1771 678 1820 ante
703 1762 814 1820 festum
835 1771 958 1838 praeter
972 1762 1202 1821 Galinthiadem
1221 1764 1313 1821 etiam
1336 1763 1398 1822 aliis
1420 1765 1485 1840 qui·

287 1865 413 1921 buscum
442 1861 589 1920 Hercules
616 1862 719 1940 aliquo
744 1863 839 1920 modo
868 1863 1050 1922 coniunctus
1084 1871 1162 1930 erat,
1196 1863 1367 1933 Alcmenae,
1399 1864 1484 1922 Iolao

288 1963 456 2023 Thebanos
479 1981 565 2021 sacra
588 1963 696 2022 fecisse
719 1961 908 2022 statuamus?
946 1963 992 2026 Cf.
1006 1965 1082 2024 Plut.
1106 1965 1155 2026 vit.
1180 1965 1270 2025 Thes.
1293 1983 1360 2041 cap.
1383 1981 1402 2038 4
1421 1983 1484 2041 τρε-

288 2059 417 2144 φόμενον
441 2060 473 2124 δὲ
501 2059 558 2124 tut
585 2067 637 2124 τοῦ
657 2057 794 2136 Πιτθέως
821 2056 969 2142 ἐπιστάτην
995 2056 1068 2142 ὅροιν
1095 2064 1145 2123 καλ
1175 2062 1360 2144 παιδαγωγὸν
1391 2059 1484 2142 ὄνομα

289 2160 447 2239 Κοννίδαν,
470 2147 494 2250 ᾦ
514 2159 599 2243 μέχρι
622 2168 674 2224 νῦν
684 2150 839 2243 Ἀθηναῖοι
852 2161 910 2246 trip
925 2160 1059 2243 πρότερον
1075 2160 1171 2248 ἡμέρᾳ
1192 2170 1248 2226 τῶν
1261 2163 1391 2245 Θησείων
1404 2163 1484 2245 κριὸν

288 2261 447 2344 ἐναγίζουσι
468 2267 527 2328 κτλ.
552 2266 599 2326 Cf.
621 2267 714 2324 etiam
731 2265 840 2324 Preller
852 2265 1172 2342 ,Griechythologie
1193 2265 1237 2324 113
1257 2287 1285 2344 p.
1302 2268 1360 2341 184
1381 2285 1479 2328 annr

290 2377 321 2428 et
333 2369 479 2428 Antonini
500 2389 529 2445 p.
543 2385 612 2444 205,
627 2385 661 2428 21
681 2365 837 2446 Κραγαλεῖ
855 2364 886 2427 δὲ
899 2363 971 2443 μετὰ
993 2364 1046 2446 τὴν
1056 2362 1166 2446 Ιἑορτὴν
1178 2358 1355 2446 Ἡρακλέους
1375 2362 1482 2444 ἔντομα

291 2466 414 2530 θύουσιν
434 2467 499 2550 ἄχρι
520 2474 580 2529 νῦν.

175 2575 272 2638 iab.30
389 2592 418 2649 p.
437 2572 507 2644 228,
528 2572 621 2648 ubsq.
643 2571 674 2630 in
697 2571 806 2630 codiee
829 2571 925 2630 haece
948 2567 1114 2647 legimus2:

471 2672 521 2733 καὶ
541 2667 670 2752 ἐγένοντο
692 2668 807 2749 δίδυμοι
829 2670 928 2744 παῖδας
948 2668 1035 2759 αὐτῷ,
1055 2675 1162 2744 καῢνος

472 2772 522 2833 καλ
542 2769 658 2850 βυβλλς·
681 2760 734 2852 ἐφ’
757 2755 796 2832 οὗ
814 2767 892 2844 πόλις
911 2769 988 2834 ἐστὶν
1008 2767 1048 2834 ἔτι
1070 2777 1122 2834 νῦν
1142 2771 1175 2834 ἐν
1196 2768 1308 2856 καρλριῑ,

472 2878 577 2947 καιῖνος
595 2872 645 2934 καὶ
665 2870 792 2952 βιβλίς.3
812 2876 870 2936 κτλ.

290 2981 317 3039 Ε
340 2979 449 3056 quibus
470 2978 628 3054 quomodo
651 2977 802 3034 emblema
824 2977 985 3055 irrepserit,
1008 2977 1155 3052 cognosci
1176 2985 1290 3054 potest.
1311 2977 1486 3036 Antoninus

290 3081 378 3140 dedit
408 3072 611 3158 καλέγὲνοντο
644 3072 758 3152 δίδυμοι
785 3073 884 3148 παῖδες
913 3074 993 3162 αὐτῷ
1021 3075 1128 3150 καῦνος
1155 3076 1204 3137 κοιλ
1230 3074 1338 3156 βοβλίς,
1371 3079 1487 3136 deinde

290 3181 456 3241 scholiasta
474 3180 515 3237 ad
535 3178 703 3254 marginem
722 3179 763 3235 de
783 3177 892 3236 Cauno
908 3180 993 3254 quod
1010 3180 1199 3255 exploratum
1212 3180 1359 3246 habebat,
1375 3180 1487 3255 ascrip-

290 3283 340 3344 sit:
374 3278 426 3360 ἀφ’
453 3263 490 3339 ου’·
514 3274 594 3351 πόλις
618 3276 694 3339 ἐστίν
721 3272 760 3339 ἔτι
789 3281 840 3337 νῦν
867 3275 900 3338 ἐν
926 3275 1015 3363 κορίρι
1035 3283 1148 3353 καϋνος.
1192 3281 1336 3358 Denique
1357 3282 1434 3340 haec
1455 3281 1488 3338 in

291 3390 469 3443 contextum
491 3388 689 3457 praepostere
709 3387 779 3456 post
799 3378 903 3457 βυβλλς
913 3381 1030 3440 intrusa
1051 3400 1106 3459 per
1122 3401 1247 3458 pravam
1262 3383 1488 3442 distinctionem

290 3502 351 3561 qua
371 3486 476 3554 καῦνος
496 3483 536 3540 ab
557 3478 590 3541 ἐν
610 3477 699 3562 καρλρ
721 3481 958 3556 discerpebatur,
982 3483 1075 3542 etiam
1088 3480 1190 3561 βυβλλς
1204 3482 1335 3542 nominis
1351 3484 1488 3559 gemina·

291 3587 407 3646 tionem
428 3591 673 3660 procreaverunt.

169 3695 223 3746 lab.
237 3705 268 3757 31
333 3770 343 3818 l
391 3706 421 3764 p.
443 3701 553 3762 229,2
594 3702 650 3762 pro
676 3679 816 3742 ἐνταυθοῖ
838 3680 986 3757 οἰκοῦντας
1007 3686 1144 3744 Palatino
1167 3687 1244 3745 duce
1275 3686 1326 3763 qui
1350 3681 1489 3745 ἐνταυθοῖ

316 3787 331 3819 0

291 3858 408 3914 κουντοις
434 3843 537 3911 babet,
571 3839 716 3917 quoniam
744 3839 787 3899 sic
808 3839 924 3899 hiatum
946 3841 1107 3899 vitabimus
1120 3837 1144 3913 ⁴,
1174 3841 1282 3900 melius
1303 3837 1425 3901 ἐνταῦθ’
1444 3835 1488 3898 οῖ-

289 3947 410 4015 κοῦνιας
424 3944 625 4005 exarabimns.
656 3943 791 4019 Scriptor
812 3945 893 4002 enim
912 3954 946 4002 et
959 3940 1090 4003 ἐνταῦθα
1113 3937 1155 4022 (p.
1173 3961 1210 4002 22
1216 3960 1244 4020 5,
1263 3939 1311 4022 15)
1336 3951 1367 4000 et
1390 3939 1487 4002 ἐνταυ-

291 4045 346 4105 θοῖ
365 4042 406 4122 (p.
424 4045 495 4120 228,
515 4041 567 4122 14)
590 4053 724 4122 usurpat.

390 4241 402 4281 ¹
420 4246 451 4296 L.
461 4259 482 4294 c.
500 4260 526 4310 p.
536 4244 570 4293 66
589 4259 648 4296 ann.
662 4256 687 4293 2.

388 4330 401 4370 ²
421 4332 508 4384 Etiam
526 4332 722 4383 distinctionem
741 4333 856 4399 servavi3
874 4338 1009 4400 praeterea
1030 4347 1150 4383 versuum
1170 4332 1234 4383 fines
1254 4331 1399 4396 significare
1418 4331 1488 4381 haud

291 4421 386 4474 inutile
403 4437 461 4474 esse
479 4421 562 4472 visum
581 4427 630 4472 est.

392 4506 521 4577 ΒΒυβλὶς
539 4517 610 4562 recte
628 4528 644 4562 a
663 4511 787 4562 Iacobsio
805 4511 904 4576 ubique
923 4511 1071 4562 restitutum
1090 4517 1136 4563 est.

389 4595 460 4651 ⁴cf.
480 4605 566 4651 tamen
585 4617 610 4667 p.
620 4613 655 4664 40
672 4616 731 4653 ann.
753 4610 766 4664 5
789 4600 853 4649 diss.
