3490 5286
761 397 967 456 ,13-

261 580 343 630 certe
365 573 525 630 verborum
547 585 608 644 quo
622 567 764 626 Bacchae
785 561 914 644 βάκχοισι
937 563 1076 624 coronari
1091 564 1243 634 dicuntur,
1258 581 1350 640 quam
1368 580 1455 638 egre·
1561 614 1563 618 ,

260 673 310 750 gie
331 673 391 731 huc
413 674 546 749 quadret
570 679 601 727 et
624 662 781 730 Nicandro
804 668 916 744 dignus
939 667 986 738 sit,
1009 667 1040 723 in
1064 665 1167 742 aprico
1191 673 1248 725 est.

357 792 385 849 p.
402 788 504 845 212,1
541 767 617 842 Ζεὺς
641 764 673 829 δὲ
701 765 756 845 πρὸ
778 771 829 826 τοῦ
848 762 947 843 μεῖζον
972 764 1061 824 κακὸν
1084 761 1219 840 ἐμπεσεῖν
1245 769 1285 850 τῷ
1314 759 1384 849 οἴκῳ
1406 761 1455 826 τὸν
1474 773 1525 823 fab.
1547 785 1574 822 rr

261 870 444 952 Πανδάρεων
465 868 603 950 οἰκτείρας
622 867 737 948 ἐποίησε
759 861 867 940 πάντας
889 863 1016 946 ὄρνιθας.
1044 869 1080 926 ln
1101 869 1136 926 iis
1156 885 1234 942 quae
1257 869 1457 946 praecedunt,

263 975 457 1034 Pandareum
479 974 659 1032 crudelitate
682 971 779 1030 etita
807 978 1006 1029 occaecatum
1029 987 1092 1026 non
1114 970 1209 1027 modo
1231 986 1377 1044 generum
1400 969 1457 1026 sed

261 1077 354 1134 etiam
376 1076 464 1134 filiam
486 1083 664 1132 necaturum
688 1072 782 1130 fuisse
805 1071 1012 1146 comperimus.
1045 1070 1154 1147 Itaque
1176 1078 1240 1128 tum
1262 1088 1316 1128 cur
1338 1069 1455 1128 Panda·

262 1194 332 1234 reus
355 1176 435 1234 lovis
458 1175 594 1234 excitarit
614 1173 864 1246 misericordiam,
887 1191 950 1232 non
972 1172 1126 1249 intellego.
1161 1172 1283 1230 Deinde
1306 1161 1383 1243 οἶκος
1403 1189 1457 1246 ge·

261 1277 364 1336 netivo
397 1277 527 1334 nominis
562 1276 674 1351 proprii
706 1293 769 1333 non
796 1275 903 1332 addito
931 1292 1037 1350 parum
1067 1274 1175 1348 placet.
1220 1272 1346 1349 Utrique
1374 1274 1456 1331 malo

260 1379 460 1452 medebimur,
483 1380 508 1436 si
530 1377 736 1435 exarabimus:
769 1372 826 1450 πρὸ
852 1377 905 1433 τοῦ
924 1369 1022 1449 μεῖζον
1049 1369 1139 1433 κακὸν
1159 1370 1295 1451 ἐμπεσεῖν
1322 1376 1362 1459 τῷ
1387 1367 1457 1459 οἴκῳ

260 1484 311 1538 τοῦ
332 1475 515 1557 Πανδάρεως
537 1479 575 1538 cf.
599 1498 629 1556 p.
653 1493 721 1552 211,
740 1493 778 1550 24
800 1470 960 1554 ἐνελωβάτο
981 1473 1022 1546 εἰς
1041 1471 1089 1534 τὸν
1110 1466 1190 1535 οἶκον
1211 1477 1261 1535 τοῦ
1281 1471 1456 1553 Πανδάρεω.

361 1600 390 1658 p.
414 1596 482 1657 212,
509 1596 546 1637 1o
582 1581 670 1638 tollas
693 1595 807 1655 quaeso
830 1578 968 1653 pusillum
990 1577 1140 1636 emblema
1167 1577 1198 1634 in
1223 1576 1283 1634 his:
1318 1571 1386 1636 άάὲ
1407 1580 1459 1655 τῆς

258 1677 398 1760 Ἀηάόνος
427 1677 550 1759 ἀδελφάς
575 1675 684 1756 ἐγένετο
712 1672 801 1754 ἔποψ,
833 1671 923 1749 αἴσιος
944 1676 993 1736 καὶ
1016 1672 1133 1737 πλέουσι
1161 1675 1211 1736 καὶ
1238 1673 1287 1736 ἐπὶ
1314 1680 1369 1756 γῆς
1397 1697 1457 1758 φα·

263 1779 329 1854 νείς·
362 1779 427 1858 [σὺν
452 1775 583 1864 άλιαιέτιγ
611 1776 642 1839 δὲ
669 1773 689 1858 ἢ
716 1774 833 1839 ἀλκυόνι
861 1769 996 1860 μᾶλλον].
1042 1778 1131 1851 Quae
1160 1779 1247 1836 uncis
1269 1778 1388 1849 inclusi,
1413 1780 1457 1838 ita

262 1893 439 1960 comparata
458 1891 539 1960 sunt,
561 1890 596 1940 ut
622 1883 806 1958 quicumque
833 1899 871 1940 ea
898 1881 980 1957 legit,
1009 1881 1102 1939 semel
1126 1880 1259 1938 monitus
1281 1881 1322 1938 de
1344 1881 1458 1956 origine
1531 1937 1536 1946 ,

263 1987 402 2044 dubitare
430 2001 493 2042 non
520 1983 627 2058 possit.
671 1982 781 2058 Apage
807 1982 856 2040 illa
879 1981 910 2039 in
938 1981 1113 2058 marginem,
1138 1982 1221 2039 unde
1246 1999 1405 2056 perperam
1427 1981 1457 2039 iu

262 2096 440 2145 contextum
467 2086 583 2143 intrusa
607 2092 689 2162 sunt,
723 2084 795 2142 olim
822 2103 841 2142 a
871 2084 965 2142 docto
993 2085 1128 2159 quodam
1155 2083 1218 2140 viro
1247 2091 1394 2142 annotata
1416 2084 1458 2141 ad

263 2189 415 2264 scriptoris
438 2186 617 2246 orationem.

362 2307 390 2363 p.
409 2303 478 2361 213,
496 2303 531 2360 23
557 2286 678 2362 Cycnus
708 2304 727 2342 a
749 2285 854 2361 Phylio
883 2294 1020 2344 amatore
1042 2294 1237 2364 contemptus
1258 2289 1456 2348 miserrimam
1475 2299 1528 2349 fab.
1544 2309 1575 2347 12

264 2394 393 2447 mortem
421 2387 601 2446 occubuisse
629 2387 747 2447 dicitur.
792 2386 913 2462 Phylius
944 2387 1024 2444 enim
1046 2385 1186 2446 Herculis
1213 2389 1340 2448 consilio
1374 2391 1457 2450 iussa

265 2488 349 2561 pueri
370 2487 512 2562 neglexit,
547 2488 580 2546 id
601 2491 685 2564 quod
708 2489 807 2546 verbis
830 2489 978 2564 corruptis
999 2483 1138 2566 βουλήσει
1160 2485 1192 2548 δὲ
1213 2493 1263 2550 τοῦ
1281 2485 1458 2570 Ἡρακλέους

264 2583 408 2666 ἀμελῆσαι
428 2583 486 2647 τῶν
506 2585 706 2667 ἐπιταγμάτων
726 2592 779 2650 τοῦ
799 2585 903 2661 παιδὸς
921 2607 984 2648 non
1006 2591 1067 2648 dici
1088 2609 1151 2648 non
1174 2591 1281 2666 potuit.
1319 2592 1456 2665 Quorum

263 2697 446 2748 structuram
467 2699 502 2748 ut
520 2691 700 2748 adiuvarent
722 2690 776 2748 viri
792 2690 885 2768 docti,
907 2698 961 2748 aut
975 2684 1140 2766 συνέβαινεν
1162 2692 1208 2749 vel
1231 2680 1364 2771 ἠνέσχετο
1385 2713 1456 2772 sup·

262 2791 422 2866 pleverunt
451 2799 504 2849 aut
533 2790 728 2848 indicativum
758 2784 907 2868 ἧμάλησε1
934 2809 1123 2850 revocavere.
1168 2790 1258 2863 Quae
1285 2796 1388 2854 omnia
1416 2799 1457 2855 ad

262 2891 361 2950 locum
394 2892 615 2950 restituendum
644 2890 766 2948 minime
794 2891 868 2949 satis
896 2898 975 2951 sunt.
1020 2889 1160 2966 Perlegas
1190 2893 1279 2952 velim
1310 2913 1347 2954 ea
1376 2913 1456 2972 quae

263 2995 463 3068 praecedunt;
485 3010 693 3069 quaecumque
715 3011 790 3068 puer
812 2993 948 3068 quamvis
970 2986 1136 3052 ἀτοπώτατα
1150 2993 1319 3070 imperavit,
1332 2996 1454 3074 Phylius

263 3093 395 3169 perfecit,
419 3102 451 3150 et
470 3093 512 3152 ita
532 3093 668 3168 perfecit,
692 3102 725 3151 ut
739 3112 779 3150 ne
799 3093 830 3150 in
851 3093 1008 3152 levissimis
1023 3095 1147 3168 quidem
1162 3096 1252 3156 rebus
1264 3097 1357 3172 Cycni
1373 3117 1456 3158 man-

263 3196 337 3253 data
359 3194 547 3270 neglegeret.
591 3194 701 3270 Itaque
721 3212 801 3269 quae
823 3195 949 3253 tandem
971 3197 1118 3254 mandata
1139 3197 1223 3272 parvi
1245 3199 1456 3272 aestimaverit,

263 3315 353 3354 nemo
386 3313 449 3354 non
475 3297 684 3371 interrogabit:
717 3296 916 3372 interrogabit
947 3297 1142 3373 nequiquam.
1186 3298 1282 3372 Quod
1309 3301 1456 3362 Antonini

263 3397 421 3455 socordiae
454 3397 649 3454 tribuendum
677 3415 745 3457 esse
777 3399 802 3455 si
831 3397 994 3466 obtinebis,
1021 3406 1126 3456 tamen
1154 3400 1331 3475 scriptorem
1354 3405 1456 3482 aliquo

263 3497 357 3553 modo
379 3516 459 3556 nova
481 3499 628 3573 imperata
648 3516 716 3557 esse
728 3498 831 3575 Phylio
854 3499 1024 3574 significare
1040 3500 1185 3558 debuisse
1207 3505 1375 3562 tenendum
1390 3508 1454 3568 erit.

264 3595 427 3654 Perversae
453 3600 658 3676 compilatoris
686 3599 816 3658 fortasse
844 3600 1105 3677 breviloquentiae
1135 3601 1256 3661 attribui
1283 3615 1400 3681 posset,
1433 3609 1458 3666 si

263 3697 412 3774 legeretur
433 3688 583 3778 ἀμελήσας
604 3697 664 3776 (vel
686 3695 819 3778 ἠμέλησε)
843 3704 897 3760 τῶν
918 3696 1051 3778 (ἄλλων)
1066 3693 1274 3782 ἐπιταγμάτων.
1302 3706 1456 3767 Narratio-

262 3816 333 3857 nem
355 3817 427 3857 vero
449 3806 484 3856 ut
504 3798 597 3860 hodie
618 3801 756 3860 instituta
782 3810 837 3871 est,
871 3802 896 3860 si
924 3804 990 3879 quis
1014 3812 1134 3864 attento
1157 3806 1259 3865 animo
1286 3810 1457 3886 perlustrat,

267 3981 463 3993 -—.-.....-.-..

264 4097 316 4160 der,
334 4101 456 4166 aequales
474 4119 532 4154 cum
551 4105 664 4156 carmina
681 4107 753 4157 illius
773 4106 967 4158 obscurissimis
985 4110 1096 4160 vocibus
1115 4109 1217 4177 repleta
1235 4125 1290 4162 non
1309 4111 1370 4163 satis
1383 4111 1457 4164 intel·

264 4186 386 4252 legerent,
403 4192 462 4258 ipse
481 4200 560 4259 poeta
582 4188 710 4261 γλώσσας
727 4211 793 4260 quas
815 4203 959 4262 usurparat,
978 4197 1006 4246 in
1024 4198 1111 4248 lucem
1132 4200 1225 4249 edidit.
1262 4201 1383 4251 Ceterum
1402 4200 1420 4252 l.
1437 4201 1455 4255 l.

264 4279 326 4342 περὶ
343 4278 397 4332 τῶν
414 4288 536 4347 corrupta
555 4289 621 4334 sunt.
658 4283 813 4350 Complures
837 4284 985 4347 glossarum
1008 4285 1091 4336 libros
1116 4287 1198 4337 luisse
1217 4295 1329 4352 constat;
1353 4290 1455 4340 conicio

263 4362 293 4417 ἓν
319 4365 357 4432 τῷ
379 4370 458 4435 τρίτῳ
479 4368 623 4436 γλωσσῶν,
647 4372 803 4437 quibuscum
827 4388 890 4424 sane
913 4376 1048 4438 quomodo
1072 4375 1226 4426 Schneideri
1253 4377 1386 4428 inventum
1413 4380 1456 4442 (ad

262 4452 309 4516 frg.
332 4453 391 4521 123)
412 4457 576 4524 concilietur,
595 4458 638 4507 alii
656 4460 772 4512 videant.

362 4540 374 4578 ¹
402 4545 454 4595 Vix
474 4546 580 4596 defendi
599 4553 689 4612 potest
707 4549 792 4599 forma
814 4545 937 4620 ἀμέλησε
956 4558 1094 4616 augmento
1113 4554 1213 4603 omisso
1232 4554 1292 4607 coll.
1316 4571 1341 4620 p.
1361 4566 1422 4617 219,
1440 4568 1456 4623 7

260 4624 414 4700 ἀράσαντος,
434 4634 468 4683 de
486 4651 537 4700 qua
555 4635 624 4685 infra
641 4651 667 4703 p.
682 4648 696 4700 3
702 4647 715 4703 5
735 4643 835 4701 agetur.
