3490 5286
782 337 986 397 ..50„

288 506 349 565 cari
370 505 476 582 nequit
485 502 506 565 ¹.
550 504 679 563 Accedit
701 504 791 574 aliud,
817 521 855 561 ex
882 522 943 581 quo
965 503 1052 581 ipsa²
1074 505 1223 566 Nicandri
1250 516 1281 565 et
1304 507 1380 566 Boei
1406 526 1481 584 poe·

288 615 371 666 mata
393 607 432 666 ab
456 606 615 665 Antonino
638 605 802 680 compilata
825 622 895 662 esse
918 607 1064 681 cognosci
1086 615 1199 682 potest.
1243 608 1364 684 Inspice
1388 610 1480 668 sodes

287 708 426 766 ordinem
448 707 627 779 fabularum,
657 723 733 781 quas
758 706 841 763 nullo
870 705 950 763 inter
979 725 1047 764 sese
1070 725 1204 766 conexas
1226 709 1345 767 vinculo
1375 718 1480 769 tamen

289 809 373 867 haud
396 817 512 866 temere
534 810 697 885 plerasque
729 809 771 866 ita
794 808 930 882 digestas
954 825 1023 866 esse
1053 826 1091 864 ex
1119 808 1197 866 boce
1217 811 1376 886 intelleges
1407 831 1482 870 con·

289 920 405 987 spectu.
433 909 480 968 Ex
502 920 610 987 quarto
633 910 895 969 heteroeumcnon
921 909 996 968 libro
1020 911 1202 986 desumptae
1225 920 1296 969 sunt
1315 913 1396 975 sabb.
1410 912 1439 992 8,
1451 930 1480 989 9,

293 1028 330 1069 ro
360 1012 473 1070 deinde
497 1027 546 1085 24,
571 1027 620 1089 25,
645 1006 694 1090 26,
719 1025 766 1086 27,
793 1010 841 1080 28,
864 1027 918 1088 ²93
953 1029 992 1068 ex
1020 1012 1114 1068 altero
1142 1011 1374 1088 omithogoniae
1406 1015 1482 1072 libro

289 1113 369 1173 sabb.
398 1113 443 1188 18,
474 1129 521 1188 19,
546 1129 594 1191 20,
618 1128 673 1188 213
705 1129 794 1186 porro
822 1129 901 1187 quae
923 1112 954 1168 in
977 1129 1070 1168 unum
1093 1112 1355 1172 heteroeumenon
1376 1115 1483 1175 librum

290 1216 421 1274 collatae
437 1215 558 1274 fuerunt
574 1215 702 1287 fabulae,
726 1213 818 1272 etiam
842 1214 925 1288 apud
941 1213 1128 1271 Antoninum
1144 1211 1341 1289 iungunturss:
1365 1215 1445 1278 fabb.
1468 1234 1479 1275 1

288 1326 320 1374 et
346 1333 362 1374 2
389 1314 420 1395 (e
430 1318 526 1376 tertio
542 1313 638 1391 libro),
664 1332 702 1372 22
726 1325 758 1374 et
782 1332 819 1390 23
844 1308 875 1395 (e
891 1315 1012 1391 primo),
1036 1332 1076 1390 30
1091 1325 1122 1372 et
1140 1333 1175 1390 31
1201 1313 1250 1391 (ex
1267 1313 1385 1388 altero).
1408 1319 1482 1378 Sen-

288 1420 368 1477 tisne
393 1437 454 1494 quo
476 1415 621 1478 tendam?
643 1417 754 1476 Nonne
777 1418 817 1474 de
838 1417 1045 1475 narrationum
1067 1417 1182 1474 illarum
1205 1418 1321 1492 origine
1342 1424 1483 1496 quaestio

289 1528 374 1578 extra
389 1539 511 1578 omnem
533 1520 594 1578 iam
608 1519 710 1595 posita
733 1526 781 1577 est
796 1513 1045 1575 dubitationem?
1067 1516 1176 1592 Neque
1199 1537 1238 1575 eo
1262 1523 1345 1594 quod
1362 1521 1483 1580 fabulae

289 1622 411 1697 saepius
427 1622 512 1679 aliter
525 1620 695 1697 dispositae
711 1627 791 1690 sunt,
807 1619 959 1677 sententia
975 1626 1080 1676 nostra
1095 1618 1252 1686 refutatur,
1268 1619 1360 1679 immo
1377 1624 1484 1681 etiam·

290 1723 315 1780 si
343 1722 528 1798 refragantia
561 1741 601 1779 ne
629 1722 736 1797 loquar
757 1721 891 1791 timeam,
915 1738 1006 1796 quam
1029 1721 1159 1780 maxime
1181 1721 1384 1784 confirmatur.
1428 1725 1483 1783 Et·

290 1824 369 1881 enim
391 1832 510 1882 tantum
533 1824 642 1881 abesse
664 1823 814 1892 existimo,
837 1831 871 1880 ut
892 1823 1030 1896 legentes
1054 1823 1094 1880 de
1117 1822 1252 1882 sontibus
1275 1826 1483 1884 narrationum

287 1925 425 1999 genuinis
442 1925 587 1982 certiores
610 1924 674 1982 fieri
691 1925 839 1982 Antonini
853 1923 1031 1993 interfuerit,
1048 1933 1082 1982 ut
1104 1932 1211 1983 contra
1232 1925 1391 1984 abstrusae
1415 1945 1483 1987 eru·

289 2026 412 2084 ditionis
436 2035 564 2101 captans
587 2026 744 2102 gloriolam
766 2026 902 2084 diversas
927 2025 1017 2083 aliam
1039 2026 1163 2084 aliunde
1187 2034 1297 2100 petens
1329 2029 1483 2087 miscuerit

288 2128 411 2188 fabulas
455 2128 554 2201 Quam
577 2129 714 2186 consulte
738 2128 818 2185 enim
843 2128 993 2203 inpriore
1016 2129 1107 2186 libelli
1130 2136 1217 2203 parte
1241 2128 1414 2188 Antoninus
1438 2131 1482 2188 f-

288 2230 373 2287 bulas
395 2230 582 2305 disposuerit
604 2225 758 2306 (nimirum
780 2237 890 2303 postea
906 2230 1093 2305 defatigatus
1116 2246 1184 2287 esse
1198 2225 1343 2308 videtur),
1365 2249 1404 2287 ex
1427 2231 1484 2290 hac

287 2331 391 2387 tabula
414 2332 443 2388 in
465 2349 525 2406 qua
547 2329 672 2404 singulis
695 2328 812 2386 fabellis
838 2337 977 2386 auctores
1000 2330 1107 2387 allatos
1125 2331 1266 2406 apposui,
1289 2332 1482 2408 intellegitur:

435 2433 515 2493 sabb.
552 2449 562 2490 1
592 2422 603 2612 ἕ
657 2481 662 2493 .
1011 2430 1092 2490 sabb.
1125 2429 1143 2487 8

626 2481 782 2540 Nrcander
1237 2531 1243 2544 ,

464 2577 481 2603 ,‚
549 2549 565 2591 2
1042 2575 1059 2600 „
1124 2547 1143 2606 9
1205 2531 1365 2591 Nicander

464 2679 481 2704 η
547 2653 564 2710 3
628 2640 729 2698 ΒΟθΠ8
1041 2679 1057 2706 rr
1107 2653 1144 2694 ¹0

464 2781 481 2804 r,
547 2753 566 2810 4
627 2741 782 2801 Nicander

464 2881 481 3005 :i
546 2852 791 3106 b}?130eus4
1042 2981 1059 3008 ‚,
1108 2955 1142 2997 12

464 3081 481 3108 n
548 3056 564 3116 7
1043 3081 1060 3106 n
1111 3055 1145 3112 ¹3

1042 2833 1059 2859 ,.
1107 2807 1138 2849 11
1205 2795 1304 2854 Boeus

1172 2933 1183 3119 Ι
1206 2986 1363 3045 Nicander

289 3274 389 3329 guntur,
411 3267 493 3316 altero
510 3267 675 3332 reperiuntur
687 3266 761 3322 loco:
780 3265 915 3332 Euphorio
930 3273 1013 3315 autem
1029 3266 1128 3331 primus
1143 3267 1195 3318 sab.
1211 3277 1249 3328 13.
1273 3265 1393 3315 Ceterum
1408 3266 1500 3318 valde.

289 3354 392 3416 dubito,
411 3371 444 3404 an
461 3355 512 3406 fab.
536 3368 566 3419 14
592 3371 639 3421 pro
659 3349 840 3422 Ἀριστοτέλης
864 3353 1031 3403 scribendum
1051 3354 1086 3402 sit
1106 3346 1300 3422 Ἀριστόδημος
1318 3352 1363 3420 (ci.
1383 3355 1435 3406 lab.
1458 3357 1485 3423 8)

291 3450 334 3494 aut
346 3436 540 3511 Ἀριστόκριτος
559 3442 628 3510 (vide
647 3443 697 3494 fab.
721 3443 776 3508 11);
798 3443 830 3494 cf.
850 3441 943 3491 Cobeti
962 3457 1015 3491 var.
1034 3441 1094 3494 lect.
1115 3442 1157 3494 ed.
1177 3457 1229 3494 sec.
1249 3457 1273 3506 p.
1297 3453 1336 3505 14.

390 3527 579 3598 1Temporum
598 3531 663 3581 ratio
682 3531 710 3580 in
726 3530 866 3580 afferendis
883 3531 1055 3596 scriptoribus
1075 3530 1097 3581 si
1118 3530 1210 3581 habita
1230 3535 1277 3590 est,
1298 3536 1324 3580 et
1336 3531 1485 3595 Antigonus

289 3621 374 3671 multo
393 3620 464 3687 prius
484 3635 561 3686 quam
579 3619 803 3669 Wilamowitzius
821 3619 841 3670 l.
858 3619 876 3670 l.
896 3634 921 3684 p.
944 3630 989 3683 171
1012 3619 1156 3678 contendit,
1175 3618 1248 3686 vixit,
1270 3626 1296 3668 et
1315 3619 1486 3686 Didymarchi

290 3715 361 3758 aetas
381 3708 466 3758 adhuc
486 3723 592 3774 prorsus
610 3707 700 3771 ignota
725 3707 752 3756 in
771 3707 921 3757 universum
941 3706 1046 3772 quidem
1065 3706 1197 3758 definitur.
1235 3707 1337 3757 Tamen
1365 3691 1422 3758 cum
1440 3709 1487 3758 Ni·

290 3799 387 3848 cander
417 3798 459 3847 cui
490 3797 599 3846 debetur
618 3795 763 3854 historiola,
793 3803 821 3846 ut
839 3796 919 3856 solet,
948 3795 1061 3862 primurn
1087 3793 1205 3844 obtineat
1230 3795 1327 3856 locum,
1346 3796 1486 3862 Apollonii

288 3901 350 3936 vero
361 3887 546 3952 epigrammata
561 3892 708 3944 extremum,
725 3885 821 3950 quibus
835 3891 929 3934 tactam
948 3884 1030 3946 magis
1048 3883 1162 3933 fabulam
1181 3899 1259 3950 quam
1277 3891 1405 3934 narratam
1426 3899 1485 3934 esse

288 3981 403 4040 apparet,
423 3974 531 4024 sortasse
550 3990 602 4040 quo
620 3974 732 4040 quisque
750 3974 784 4023 de
802 3974 879 4022 Batto
900 3973 984 4022 fusius
1004 3971 1066 4035 egit,
1088 3987 1119 4022 eo
1137 3971 1208 4038 prior
1228 3987 1243 4021 a
1265 3971 1409 4023 scholiasta
1431 3973 1485 4022 col·

288 4062 398 4112 locatur,
437 4063 486 4112 Sed
507 4063 588 4112 satius
608 4069 647 4112 est
664 4061 885 4112 hariolationibus
904 4060 1040 4114 abstinere.

386 4147 568 4200 2Knaackius
598 4152 667 4201 enim
696 4151 800 4202 eionte
833 4150 989 4202 secundario
1009 4149 1202 4200 Antoninianas
1227 4150 1349 4216 opinatur
1379 4149 1485 4200 haustas

289 4255 347 4290 esse
365 4239 542 4304 narrationes;
564 4239 595 4292 cs.
613 4240 630 4292 l.
648 4240 667 4293 1.
686 4257 712 4307 p.
734 4250 748 4305 5
768 4256 826 4306 sqq.

387 4323 399 4362 ³
415 4327 480 4378 Plus
493 4328 574 4378 semel
586 4336 690 4396 praeter
703 4329 866 4379 Nicandrum
886 4335 912 4378 et
925 4330 1027 4379 Boeum
1040 4327 1116 4379 testis
1129 4327 1278 4378 nominatur
1297 4342 1349 4378 una
1361 4326 1485 4390 Corinna,

287 4417 365 4467 huius
384 4433 446 4467 vero
466 4417 571 4467 fabulae
590 4414 634 4485 (lo
654 4424 680 4466 et
701 4416 747 4486 25)
765 4433 819 4468 non
839 4418 988 4469 cohaerent.

386 4501 533 4556 4Fabulas
553 4507 569 4556 6
589 4511 614 4556 et
635 4518 665 4569 14
685 4505 834 4557 coniectura
852 4521 899 4556 cur
918 4507 992 4556 Boeo
1012 4503 1208 4565 vindicaverim,
1226 4511 1321 4570 postea
1341 4519 1484 4571 exponam

287 4595 451 4646 manifestum
472 4601 558 4646 autem
582 4609 649 4646 nunc
674 4603 723 4656 est,
746 4612 791 4646 cur
816 4595 869 4648 fab.
889 4597 922 4646 26
941 4601 1034 4663 quarto
1062 4610 1140 4661 quam
1167 4594 1249 4644 altero
1274 4591 1486 4664 ἕτεροιουμένων

287 4685 356 4734 libro
375 4686 490 4736 tribuere
510 4685 645 4745 malimus;
664 4683 696 4735 cs.
715 4701 740 4751 p.
754 4697 785 4750 43
808 4684 873 4735 diss.
