3490 5286
736 353 977 414 ...9-.

244 527 468 597 intellexerunt,
491 537 522 587 et
545 527 694 586 informa
716 536 748 586 et
772 528 802 586 in
825 530 902 587 sede
923 528 1005 588 vocis
1030 538 1214 590 erravemnt.
1250 527 1439 605 Hyperborei

247 631 385 689 omnibus
407 631 552 706 gentibus
573 639 780 708 opponuntur,
801 647 874 706 ergo
897 631 1040 706 scriptum
1063 630 1157 698 fuisse
1180 632 1273 690 credo
1296 623 1440 708 ἒνὙπερ-

245 726 355 809 βορέοις
374 724 512 810 (privum)
533 717 683 810 ἀγομένην.
713 731 820 807 Populi
842 750 954 790 nomen
978 731 1113 790 similiter
1128 732 1271 790 desinens
1293 731 1440 790 iacturam

243 832 317 890 satis
340 834 478 908 explicat.

342 953 371 1010 p.
390 948 491 1007 220,3
516 929 588 993 κάπὶ
609 929 718 1007 τούτοις
740 927 756 992 ὃ
776 933 894 1006 Κλεῖνις
913 929 1046 995 ἐπείθετο
1067 934 1190 1020 pallor:
1220 933 1252 992 in
1273 933 1319 992 his
1341 934 1439 1010 gravis

244 1035 445 1095 soloecismus
461 1038 543 1098 latet.
559 1033 730 1098 fleternam
745 1033 794 1097 ἐπί
807 1059 859 1097 ποι
871 1026 973 1096 ‘alicui
988 1029 1217 1112 obtemperare’
1236 1035 1361 1093 omnino
1376 1052 1439 1092 non

245 1137 399 1195 Graecum
431 1146 489 1200 est.
533 1138 688 1198 Dicebant
716 1139 828 1198 Graeci
857 1139 947 1214 vulgo
975 1131 1136 1197 πείθεσθαί
1160 1157 1213 1203 ποι
1245 1131 1289 1211 (in
1315 1154 1440 1212 praece·

245 1240 339 1298 dente
369 1257 458 1298 versu
480 1235 642 1300 πείθεσθαί
663 1243 702 1325 τῷ
719 1229 897 1317 Ἀπόλλωνι)
924 1240 971 1297 vel
997 1238 1091 1298 rarius
1115 1233 1277 1300 πείθεσθαί
1295 1256 1367 1308 τινος
1388 1233 1439 1312 (cf.

245 1340 392 1400 Kuehner
415 1341 535 1402 Griech.
550 1341 684 1401 Gramm.
695 1342 736 1400 112
757 1343 773 1414 ς
788 1357 861 1417 417,
875 1356 892 1415 5
908 1359 978 1402 ann.
993 1337 1036 1416 6),
1058 1340 1173 1399 deinde
1195 1357 1213 1398 a
1234 1337 1313 1398 Novi
1329 1339 1441 1396 Testa·

244 1443 339 1500 menti
360 1443 553 1518 scriptoribus
569 1439 728 1502 πείθεσθαι
748 1439 797 1503 ἐπὶ
817 1464 878 1502 τινα
901 1443 1063 1502 adhibetur
1084 1441 1135 1513 ita,
1156 1449 1189 1498 ut
1214 1427 1340 1511 ‘fretum
1360 1427 1446 1500 esse'

248 1531 403 1602 ‘credere’
431 1543 589 1619 significet,
611 1562 713 1620 neque
737 1563 867 1620 usquam
899 1546 1018 1602 dativus
1043 1561 1112 1602 cum
1139 1543 1366 1618 praepositione
1389 1561 1441 1600 co·

245 1647 377 1721 puletur3
401 1644 439 1704 cl.
462 1664 488 1706 e.
511 1664 540 1720 g.
563 1664 608 1706 ev.
632 1645 744 1704 Matth.
770 1660 818 1721 27,
841 1661 879 1719 43
904 1640 1047 1705 πέποιθεν
1071 1641 1120 1704 ε’πῑ
1143 1639 1293 1704 τὸνθεόν.
1336 1643 1442 1702 Lenis·

247 1748 322 1804 sima
338 1747 459 1804 medela
473 1749 570 1817 adest,
586 1765 658 1806 nam
673 1765 734 1806 una
749 1747 883 1806 litterula
904 1748 1044 1806 restituta
1065 1746 1231 1822 legendum
1252 1754 1301 1804 est
1321 1739 1440 1816 zineth
1498 1803 1501 1811 ,

245 1850 275 1904 in
290 1848 423 1924 apodosi
439 1855 543 1906 autem
555 1848 741 1908 Buechelero
762 1857 887 1907 auctore
899 1841 1050 1926 ’Ἀρποοός
1069 1867 1099 1906 τε
1118 1844 1167 1906 καὶ
1180 1839 1291 1918 Λύκιος
1312 1847 1439 1920 corrigo.

344 1967 374 2024 p.
391 1965 461 2018 220,
482 1965 516 2024 15
551 1967 631 2026 quae
654 1949 905 2008 Westermannus
936 1950 1022 2010 uncis
1049 1949 1168 2006 inclusit
1193 1949 1287 2008 verba
1315 1945 1400 2024 (inde
1423 1967 1441 2006 a

246 2032 328 2120 οὗτός
347 2045 405 2108 ἐστι
433 2046 560 2128 δεύτερος
579 2068 678 2127 usque
701 2052 743 2110 ad
763 2046 1040 2127 ildoomr's’nsr'uov)
1062 2051 1133 2109 illuc
1155 2049 1339 2124 expellenda
1360 2057 1441 2118 sunt,

246 2153 329 2210 unde
351 2159 467 2226 negant
489 2153 590 2210 redire
611 2169 806 2229 quemquam.
840 2152 972 2212 Primum
994 2152 1119 2227 quidem
1141 2150 1334 2220 offendimus,
1357 2150 1442 2225 quod

248 2251 296 2310 καὶ
326 2261 397 2311 ante
420 2248 538 2331 ἐρεμνὸς
567 2253 680 2312 omissa
711 2246 799 2322 est²;
832 2255 947 2312 deinde
973 2254 1054 2329 vide,
1080 2271 1121 2312 ne
1148 2254 1228 2312 inter
1249 2269 1283 2309 se
1305 2259 1442 2328 pugnent

249 2335 331 2424 οὗτός
349 2349 407 2412 ἐστι
428 2348 558 2430 δεύτερος
581 2349 710 2431 ὀρνίθων
729 2351 803 2430 μετὰ
823 2351 873 2413 τὸν
895 2350 991 2414 αἰετόν
1013 2363 1045 2413 et
1067 2349 1083 2413 ὃ
1104 2352 1130 2414 δ’
1153 2349 1287 2424 obtul.
1306 2397 1313 2411 .
1333 2399 1339 2414 .
1357 2347 1443 2412 ἐλάσ-

248 2472 306 2512 σων
325 2449 443 2516 ἐκείνου.
485 2454 574 2531 Vide,
596 2474 636 2513 ne
657 2457 847 2514 subabsurde
869 2457 985 2515 dictum
1008 2456 1046 2514 sit
1067 2451 1163 2514 αἰετὸν
1181 2442 1359 2531 μελάντερον
1373 2471 1442 2510 esse

249 2573 339 2631 quam
362 2549 521 2631 ὕψιοίετον,
544 2549 696 2631 optulerat
719 2577 789 2616 vero
813 2556 907 2614 fuisse
927 2551 1058 2634 ἐρεμνόν.
1091 2556 1172 2614 Num
1194 2555 1255 2614 hoc
1275 2554 1375 2614 minus
1397 2545 1448 2610 in-‘

248 2664 353 2731 eptnm
374 2664 432 2731 est,
456 2657 595 2732 quamsi
618 2657 684 2733 quis
706 2647 878 2735 μελάντερος
901 2651 1031 2736 ἢμέλος
1052 2675 1122 2716 esse
1143 2651 1299 2716 narretur?
1343 2655 1441 2712 Acce·

248 2759 303 2829 dit,
326 2759 412 2833 quod
434 2754 554 2836 ἐρεμνὸς
574 2776 630 2834 per
652 2777 685 2818 se
710 2761 784 2818 satis
805 2761 939 2819 insolens
962 2768 1008 2820 est
1021 2757 1044 2818 4.

349 2859 460 2918 Adhuc
475 2860 548 2918 satis
563 2860 649 2918 firmo
663 2862 745 2936 pede
764 2862 926 2920 incessisse
942 2861 1096 2928 videmur;
1119 2860 1348 2920 consideremus
1363 2877 1443 2920 nunc

252 2977 296 3027 ea,
318 2977 395 3034 quae
410 2968 444 3018 ut
459 2962 491 3018 in
507 2961 646 3020 ordinem
662 2963 816 3038 quendam
832 2979 984 3041 cogerem,
1008 2963 1108 3020 oleum
1124 2970 1154 3020 et
1173 2980 1297 3036 operam
1312 2961 1442 3038 perdidi.

253 3057 410 3116 Peritiores
428 3062 562 3140 videant,
584 3063 657 3120 mihi
679 3064 803 3139 quidem
827 3063 1036 3122 foedissimam
1058 3062 1269 3121 confusionem
1289 3079 1443 3138 exponere

251 3159 351 3221 liceat.
393 3161 495 3236 Atque
525 3172 556 3222 ut
583 3165 622 3222 ab
642 3164 748 3241 Harpa
771 3166 948 3224 calamitosa
975 3165 1170 3225 scelestorum
1197 3163 1325 3222 filiorum
1347 3172 1443 3222 matre

250 3261 402 3336 incipiam,
426 3263 607 3343 ubicumque
628 3245 746 3324 in'tota
767 3266 925 3324 historiola
947 3267 1086 3335 occurrit,
1118 3283 1187 3324 eam
1208 3273 1357 3322 remotam
1379 3281 1444 3322 ma·

251 3362 359 3431 lumuS,
382 3363 432 3422 ubi
454 3382 517 3424 non
538 3368 678 3437 occurrit,
704 3384 795 3442 aegre
820 3367 1041 3427 desideramus.
1069 3366 1149 3427 Nam
1163 3366 1215 3424 ubi
1229 3365 1358 3441 primum
1373 3382 1442 3440 pro·
1499 3399 1502 3405 ·

253 3464 296 3522 dit
316 3483 345 3540 p.
361 3479 429 3540 219,
448 3481 497 3540 32,
529 3469 606 3526 sede
628 3476 691 3526 tarn
718 3477 918 3545 praepostera
940 3469 1101 3535 invenitur,
1132 3476 1165 3524 ut
1191 3476 1291 3524 utrum
1313 3467 1353 3523 ab
1375 3467 1443 3542 ipso

155 3651 161 3662 .
253 3565 396 3640 scriptore
420 3585 460 3625 an
481 3569 521 3626 ab
538 3569 756 3644 interpolatore
777 3588 891 3627 nomen
914 3577 1028 3648 postea⁸
1037 3568 1176 3626 additum
1191 3568 1238 3636 sit,
1255 3566 1442 3642 ignoremus:

349 3712 360 3751 ¹
378 3710 469 3770 Κᾶπεὶ
487 3734 545 3769 cum
566 3719 633 3770 crasi
650 3719 745 3782 legitur
762 3719 836 3769 etiam
855 3736 880 3785 p.
898 3723 956 3785 212,
970 3729 1018 3782 313
1040 3719 1102 3768 item
1127 3713 1178 3770 κάκ
1196 3718 1346 3767 Antoninus
1366 3716 1444 3782 scrip-

249 3806 352 3866 titabat,
373 3807 415 3855 cui
434 3806 512 3856 erasis
530 3824 556 3874 p.
569 3820 657 3874 210,7
679 3808 815 3858 reddenda
833 3817 884 3860 est:
903 3807 1003 3857 lineola
1025 3807 1064 3856 ibi
1081 3805 1190 3870 margini
1210 3806 1313 3872 appicta
1331 3805 1443 3854 sortasse

251 3894 283 3942 ad
302 3894 402 3944 nullam
423 3895 501 3944 aliam
520 3897 632 3960 pertinet
650 3896 865 3946 immutationem.

349 3979 444 4032 ²Non
462 3982 581 4050 offendit,
601 3985 673 4050 quod
692 3986 737 4036 καὶ
755 3990 817 4051 post
835 3980 949 4054 ἐρεμνὸς
966 3985 1053 4043 deest;
1073 3983 1106 4033 ci.
1120 3999 1145 4048 p.
1158 3995 1192 4046 39
1211 3983 1286 4032 inira.

349 4068 361 4106 ³
379 4072 463 4137 Quam
479 4073 589 4122 formam
603 4074 698 4124 rectius
711 4089 815 4140 semper
827 4073 1020 4140 revocabimus;
1038 4073 1073 4124 ci.
1086 4089 1111 4140 p.
1122 4082 1182 4138 207,
1194 4071 1209 4121 8
1229 4063 1327 4138 ὄρνιθα
1346 4062 1444 4127 αἰετόν,

251 4166 276 4208 et
295 4159 406 4210 alterum
425 4160 487 4212 diss.
506 4168 591 4227 caput.

348 4242 361 4280 ⁴
379 4249 441 4298 Vox
460 4264 476 4298 a
494 4249 581 4314 poetis
595 4249 660 4300 solis
673 4249 790 4302 adhibita
809 4251 842 4300 ad
861 4265 905 4300 eas
923 4249 1048 4300 notiones
1062 4248 1188 4299 accedere
1207 4247 1285 4306 solet,
1302 4247 1329 4295 in
1348 4247 1444 4311 quibus

251 4335 327 4386 simul
350 4337 452 4403 aliquid
473 4339 601 4389 horribile
625 4340 701 4398 inest,
724 4339 796 4389 velut
818 4331 896 4408 οἶμα,
922 4340 1001 4406 αἰγίς,
1028 4337 1142 4404 λαῖλαψ;
1172 4343 1225 4385 tum
1245 4334 1379 4402 epitheton
1405 4342 1446 4385 est

250 4425 388 4478 verborum
411 4420 466 4488 νύξ,
489 4432 565 4495 γαῖα,
590 4423 714 4495 ἕσπερος.
749 4427 912 4493 Apollonius
934 4442 996 4477 vero
1016 4425 1144 4476 Rhodius
1166 4425 1201 4483 H,
1216 4435 1249 4488 32
1269 4419 1443 4492 ἐρεμνὴν...

251 4507 345 4580 λώπην
364 4515 438 4568 dixit.
463 4517 602 4583 Discrepat
622 4532 637 4566 a
655 4516 810 4579 glossatoris
829 4515 1009 4581 descriptione
1019 4514 1179 4566 Aristoteles
1197 4512 1225 4578 (l.
1238 4527 1260 4563 c.
1278 4513 1321 4560 IX
1340 4527 1397 4577 cap.
1411 4523 1444 4574 32

250 4602 327 4652 initio
345 4619 370 4668 p.
384 4604 460 4654 618b
471 4617 504 4668 32
523 4605 606 4671 Belo),
629 4604 702 4654 cuius
721 4605 801 4654 verba
819 4620 895 4669 quam
914 4605 1008 4653 misere
1026 4602 1120 4654 tradita
1140 4601 1192 4650 sint
1210 4600 1252 4650 vel
1269 4601 1333 4650 inde
1352 4601 1446 4666 elucet,

251 4692 323 4754 quod
342 4693 472 4743 contraria
490 4693 588 4760 profert
607 4709 633 4760 p.
649 4693 729 4755 619a.
