3490 5286
766 331 1000 390 ‘⁵20-

300 497 375 595 ἦσαν
401 509 433 575 δὲ
458 507 537 600 αὐτῷ
566 511 666 587 παῖδες
685 502 795 587 Λύκιος
815 513 864 574 καὶ
883 510 1026 594 Ὀρτύγιος
1049 512 1099 574 καὶ
1116 510 1266 593 binnan,
1288 515 1338 576 nul
1362 513 1493 597 θυγάτηρ

296 612 459 696 Mennim,
481 612 582 688 παῖδες
600 611 633 676 ἐκ
652 611 757 693 μητρὸς
771 609 891 694 Ἄρνης.
914 615 985 675 Non
1007 634 1105 692 aeque
1128 617 1265 688 offendit,
1288 619 1373 695 quod
1396 628 1493 678 mater

298 720 340 778 de
360 719 500 795 improbo
522 718 595 795 quid
617 718 745 776 senserit
767 717 911 776 sacrificio
927 735 991 777 non
1005 714 1179 778 narratur¹:
1205 729 1237 777 at
1251 720 1359 779 iterum
1369 721 1493 797 Harpae

298 821 486 879 mentionem
507 839 571 878 non
592 819 655 877 fieri
676 836 706 896 p.
724 818 830 888 220,6
851 812 879 878 οἱ
901 815 933 879 δὲ
955 815 1020 892 τούς
1039 841 1068 880 τε
1090 815 1195 892 παῖδας
1211 817 1261 878 καὶ
1281 818 1346 892 τούς
1360 816 1495 898 bipenne

297 907 395 981 αὐτῶν
415 919 465 980 arui
485 917 533 980 niv
554 918 674 992 Κλεῖννν
694 915 856 998 κατήσθιον
883 921 973 980 valde
999 921 1191 991 demiramur,
1218 921 1358 980 nimirum
1389 941 1493 1000 quam·

298 1040 391 1099 quam
412 1029 510 1080 mater
531 1021 609 1080 inter
631 1039 685 1080 eos
707 1021 759 1096 qui
774 1021 813 1079 ab
835 1021 928 1080 asinis
951 1021 1118 1081 furibundis
1140 1021 1298 1082 dilacerati
1324 1033 1405 1094 sunt,
1430 1042 1492 1082 non

297 1132 475 1183 enumerata
496 1132 554 1194 est,
578 1131 682 1182 tamen
703 1125 919 1183 continuantur
940 1117 967 1183 oi
990 1118 1016 1182 δ’
1036 1119 1230 1200 ἀπολλύμενοι
1250 1121 1314 1196 τοὺς
1328 1121 1417 1197 θεοὺς
1429 1119 1494 1184 ins·

295 1224 413 1302 βοῶνῐο.
447 1222 511 1284 Kal
527 1220 641 1304 ’Ἀρπην
659 1220 716 1302 μὲν
735 1226 790 1287 κτλ.
826 1225 1018 1286 Contrarium
1040 1225 1153 1286 accidit
1175 1226 1276 1296 servis,
1299 1227 1351 1304 qui
1373 1225 1436 1288 nt
1461 1228 1491 1284 in

297 1342 404 1385 eorum
414 1343 540 1384 numero
552 1335 633 1396 sunt,
649 1327 757 1403 quibus
769 1328 887 1386 bestiae
903 1328 995 1386 exitio
1009 1327 1141 1400 fuerunt,
1157 1335 1260 1386 tamen
1284 1329 1325 1385 de
1340 1328 1375 1385 iis
1388 1345 1493 1403 quam·

297 1445 390 1504 quam
412 1445 440 1489 v.
457 1443 494 1502 14
516 1445 623 1487 omnes
644 1429 674 1486 in
695 1445 768 1488 aves
790 1447 956 1488 conversos
971 1447 1041 1488 esse
1063 1430 1273 1507 comperimus,
1297 1436 1365 1488 tota
1389 1428 1492 1488 fabula

297 1529 473 1589 altissimum
494 1529 647 1589 silentium
667 1539 722 1591 est.
754 1531 868 1589 Eorum
890 1530 1063 1590 Antoninus
1086 1530 1197 1589 oblitus
1219 1547 1287 1589 esse
1309 1531 1436 1601 videtur,
1459 1539 1492 1590 ut

296 1630 419 1707 Harpae
433 1631 545 1690 oblitus
563 1640 617 1695 est.
647 1622 757 1691 Restat
779 1632 868 1691 tertia
889 1631 1052 1691 difficultas
1070 1631 1153 1690 haud
1168 1631 1267 1690 minus
1289 1631 1397 1706 gravis.
1431 1633 1491 1690 La-

296 1740 371 1791 tona
392 1739 423 1790 et
445 1731 547 1792 Diana
562 1731 679 1804 Clinim,
702 1733 917 1804 Artemicham,
932 1731 1089 1811 Ortygiam
1108 1733 1252 1810 perniciei
1275 1733 1392 1808 eripere
1414 1751 1488 1790 con·

297 1835 422 1892 stituere
445 1828 484 1912 (v.
504 1827 566 1914 ro),
588 1827 628 1893 ὅτι
654 1830 707 1894 οὐκ
729 1828 812 1894 ainos
833 1838 889 1894 τῶν
908 1830 1095 1913 ἀσεβημάτων
1115 1820 1196 1914 ἦσαν.
1229 1833 1355 1892 Deabus
1376 1833 1489 1910 suppli·

297 1935 435 1995 cantibus
457 1934 567 2012 Apollo
589 1953 705 1995 morem
731 1937 807 2012 gerit
832 1932 872 2012 (v.
900 1929 950 2014 [3)
974 1944 1005 1994 et
1027 1930 1158 2015 πρόσθεν
1180 1927 1200 2013 ἢ
1221 1930 1385 1993 ἀποθανεῖν
1403 1954 1491 2010 μετα-

295 2032 394 2113 βαλὼν
414 2031 530 2116 ἐποίησε
553 2069 589 2080 -
613 2047 775 2114 exspectas
802 2033 914 2110 αὐτούς,
944 2037 1055 2096 falleris
1080 2067 1119 2078 —
1143 2024 1251 2106 πάντας
1272 2029 1400 2111 ὄρνιθας.
1450 2035 1492 2094 Ut

296 2138 435 2196 omittam
457 2137 623 2197 dicendum
646 2139 738 2198 fuisse
760 2136 824 2210 τοὺς
845 2134 954 2210 ἄλλους,
978 2157 1049 2198 cum
1070 2147 1162 2198 antea
1186 2135 1227 2210 (v.
1244 2137 1276 2211 8)
1300 2139 1363 2196 duo
1386 2155 1499 2196 eorum·

295 2254 314 2295 a
338 2236 483 2315 Neptuno
516 2240 576 2298 iam
603 2241 779 2299 commutati
805 2240 924 2310 fuerint,
960 2257 1013 2299 cur
1045 2228 1182 2298 ‘omnes'
1209 2240 1318 2298 dixerit
1347 2247 1401 2297 tuo
1428 2240 1491 2297 iure

293 2355 433 2415 quaeres.
476 2337 644 2401 Nescimus.
687 2340 797 2418 Apollo
819 2359 890 2399 vero
913 2341 939 2398 si
958 2357 1014 2417 pro
1037 2357 1091 2400 sua
1114 2340 1274 2399 clementia
1298 2340 1365 2418 plus
1399 2358 1490 2416 quam

294 2442 375 2500 deae
396 2442 554 2518 petebant,
575 2441 776 2518 praestiturus
799 2450 874 2518 erat,
896 2441 956 2500 hoc
977 2442 1112 2500 dilucide
1133 2459 1151 2500 a
1174 2433 1265 2499 libelli
1287 2449 1413 2500 anctore
1434 2461 1488 2502 an·

295 2544 466 2602 notandum
488 2543 554 2604 tuit.

175 2640 272 2692 fabar
394 2664 423 2722 p.
442 2661 514 2715 221,
536 2661 627 2721 rzsq.
651 2645 849 2722 exstirpanda
870 2663 938 2704 esse
962 2647 1118 2705 contendo
1141 2645 1232 2702 verba
1255 2637 1321 2720 ἄτερ
1342 2639 1419 2702 oliuu
1440 2641 1489 2700 nal

295 2741 384 2804 ποτοῦ
416 2741 470 2823 τὴν
502 2742 636 2824 κεφαλὴν
659 2739 779 2825 ἴσχουσα
805 2742 890 2825 κάτω,
921 2743 986 2818 τοὺς
1014 2743 1046 2807 δὲ
1075 2741 1167 2816 πόδας
1188 2740 1293 2821 ἄκρους
1321 2738 1381 2801 ἄνω
1408 2759 1489 2818 quae

294 2846 432 2922 quamvis
446 2845 514 2924 ipsa
529 2847 577 2905 vix
598 2847 732 2925 aliquam
747 2847 914 2907 exhibeant
929 2849 1130 2907 offensionem
1142 2843 1164 2917 2,
1179 2849 1219 2906 ad
1236 2846 1379 2904 familiam
1394 2844 1486 2901 inter·

293 2946 484 3023 polationum
511 2965 616 3006 earum
637 2948 788 3024 pertinere
816 2949 964 3018 videntur,
986 2948 1094 3024 quibus
1119 2947 1291 3006 denatura
1313 2945 1487 3005 animalium

294 3049 464 3108 accuratius
486 3051 593 3126 agitur.

175 3149 275 3202 sab-22
391 3171 422 3229 p.
440 3165 509 3230 221,
527 3166 564 3226 ²5
590 3145 746 3228 Τέραμβος
763 3143 923 3228 Εὖσείρου.
938 3147 1007 3209 ,καὶ
1032 3143 1177 3222 Εἶδοθέας
1198 3138 1312 3227 νύμφης
1337 3142 1489 3226 Ὀθρηίδος

294 3249 352 3311 tria
383 3250 544 3309 continent
569 3251 690 3310 menda.
734 3249 836 3326 Atque
864 3250 993 3326 primum
1021 3251 1147 3325 quidem
1174 3249 1329 3310 Berkelius
1360 3247 1487 3316 sustulit,

294 3371 363 3412 cum
384 3345 545 3430 Κέραμβος
565 3361 714 3422 exararet,
737 3353 822 3427 quod
845 3359 877 3410 et
901 3346 1048 3429 κεράμβυξ
1078 3345 1121 3430 (p.
1139 3367 1209 3421 222,
1229 3349 1279 3426 18)
1299 3350 1436 3426 postulat
1456 3356 1489 3408 et

293 3453 420 3514 Ovidius
446 3451 529 3531 (met.
542 3454 607 3530 VH,
622 3468 681 3528 353
696 3451 774 3531 sqq.)
795 3452 924 3529 praebet
936 3448 957 3513 ⁸.
977 3452 1071 3511 Porro
1094 3452 1238 3512 articulus
1257 3459 1329 3508 aute
1347 3445 1488 3526 Brioslpov

294 3557 424 3616 omissus
450 3565 499 3615 est
526 3573 617 3634 quem
638 3555 810 3614 Antoninus
837 3555 868 3612 in
890 3553 949 3612 hac
974 3554 1149 3614 elocutione
1176 3568 1326 3628 nusquam
1348 3569 1411 3610 non
1433 3550 1488 3608 ad·
1580 3631 1585 3642 ¹
1655 3545 1657 3552 '

293 3655 393 3734 hibet;
416 3657 454 3720 cf.
469 3677 499 3735 p.
513 3673 582 3728 202,
597 3673 648 3735 173
667 3671 785 3731 204,5;
803 3670 917 3735 215‚9;
942 3671 1081 3733 217,14;
1105 3670 1177 3731 234,
1192 3670 1247 3730 323
1271 3652 1341 3728 236,
1362 3668 1397 3726 15
1420 3651 1487 3710 alia.

292 3758 402 3836 Itaque
424 3760 591 3836 legendum
612 3767 660 3818 est
683 3752 845 3837 Κέραμβος
864 3751 920 3837 <ὅ>
942 3750 1094 3836 Εὕσείρου.
1131 3756 1270 3815 Tertium
1290 3754 1424 3829 denique
1446 3752 1488 3808 vi·

293 3860 367 3920 tium
388 3861 420 3920 in
440 3845 593 3940 Ὀθρηίδος
614 3860 698 3922 latet.
743 3859 887 3919 Editores
914 3860 1037 3936 quidem
1066 3854 1274 3918 adiectivum4
1294 3857 1487 3916 tinxerunta

391 4066 403 4106 ¹
421 4070 454 4121 Id
472 4070 543 4137 quod
564 4069 695 4136 prioribus
708 4067 856 4120 editoribus
871 4067 1061 4136 vituperatione
1074 4067 1187 4118 maxima
1200 4065 1309 4131 dignum
1328 4078 1387 4116 esse
1405 4062 1488 4116 visum

292 4167 344 4221 est;
364 4159 396 4213 ei.
408 4158 501 4211 Koch.
520 4175 545 4226 p.
562 4169 614 4223 204
627 4173 666 4224 sq.

390 4238 546 4318 ἱι’Ἱσχοινσοε
567 4245 590 4298 si
608 4247 751 4315 exceperis,
770 4248 841 4315 quod
866 4263 881 4296 a
900 4243 1037 4313 scriptoris
1057 4244 1246 4298 cousuetudine
1266 4242 1402 4311 abhorret3
1421 4257 1487 4308 opus

291 4337 360 4390 soret
378 4335 493 4407 ἔχονσας
515 4335 547 4386 cs.
563 4351 586 4390 e.
599 4351 624 4401 g.
637 4353 664 4404 p.
677 4349 691 4386 2
696 4337 739 4400 36,
754 4347 796 4401 31.

390 4420 583 4477 ⁸Schneidero
601 4430 669 4476 teste
687 4424 749 4493 (hc.
762 4440 788 4491 p.
805 4436 839 4488 49
859 4439 919 4475 ann.
936 4420 960 4492 1)
979 4422 1112 4490 Hauptius
1130 4413 1272 4491 κερᾶμπυξ
1289 4427 1315 4471 et
1338 4420 1489 4488 Κέραμπος

290 4512 391 4565 restitui
402 4513 497 4576 voluit,
511 4514 586 4565 cuius
598 4513 723 4566 lectionis
735 4512 765 4564 in
781 4513 926 4565 norissima
939 4513 1092 4580 Haupttana
1104 4508 1350 4577 metamorphoseon
1369 4507 1487 4558 editione

289 4617 339 4653 uec
356 4602 418 4654 vola
437 4618 487 4655 nec
505 4602 646 4668 vestigium
664 4610 713 4656 est.

389 4687 402 4725 ⁴
426 4691 488 4744 Nisi
513 4692 581 4744 sorte
599 4692 764 4744 Nicandrum
790 4706 886 4743 novam
913 4706 1005 4743 vocem
1029 4691 1158 4742 formasse
1182 4685 1328 4752 statuimus,
1356 4698 1420 4734 sane
1443 4682 1488 4749 qui
