3490 5286
273 581 300 638 p.
314 562 458 636 609b14.
471 555 568 636 Bau).
606 559 683 618 Cum
697 558 885 618 Mellmnnno
896 578 968 618 vero
983 556 1036 635 (de
1051 561 1175 618 mutatis
1191 559 1293 618 formis
1304 578 1332 635 p.
1347 574 1381 634 71
1398 559 1468 636 Lip-

272 665 336 723 siae
364 658 455 739 1786)
477 670 512 720 ut
532 654 658 738 ἔφιππον
679 679 769 720 avem
791 661 939 738 fingamus
966 664 1006 720 de
1029 680 1088 738 qua
1110 662 1196 738 apud
1218 669 1338 720 ceteros
1361 679 1468 720 omues

273 765 417 840 antiquos
450 783 490 822 ne
517 765 572 846 γρῦ
601 763 727 839 quidem
755 772 866 841 exstat,
893 781 986 822 nemo
1013 763 1092 823 serio
1121 764 1273 825 suadebit.
1316 763 1358 822 At
1386 763 1468 821 enim

270 865 390 926 etiamsi
402 864 582 924 Mellmanni
603 864 759 922 inventum
780 865 994 934 concedemus,
1018 863 1091 922 nihil
1110 865 1301 932 lucrabimur,
1324 863 1469 938 quoniam

270 970 311 1026 de
337 983 376 1024 ea
403 966 452 1024 avi
478 953 585 1040 ‘equis
613 965 743 1025 iortasse
770 955 884 1026 amica'
912 966 1039 1043 scriptor
1065 975 1158 1024 antea
1187 965 1376 1024 mentionem
1404 983 1467 1024 non

270 1067 374 1128 facere
397 1085 461 1125 non
480 1066 588 1141 potuit.

369 1167 456 1226 Unus
469 1185 551 1226 nunc
574 1167 658 1224 locus
680 1166 712 1224 iu
733 1165 908 1224 narratione
924 1166 1110 1226 recidendus
1125 1174 1222 1226 restat
1242 1165 1293 1243 qui
1312 1174 1362 1224 est
1375 1164 1467 1241 paulo

269 1277 363 1328 antea
384 1286 413 1345 p.
437 1266 506 1340 208,
532 1283 568 1324 12
598 1268 639 1325 de
667 1267 764 1326 forma
786 1267 910 1325 alterius
933 1267 1045 1336 erodii;
1069 1268 1163 1326 verba
1184 1266 1265 1324 enim
1292 1259 1386 1348 ἥσσων
1410 1258 1466 1342 γάρ

267 1367 343 1430 ἐστιν
364 1362 472 1439 ἱκανῶς
499 1370 550 1426 τοῦ
577 1368 685 1426 πολλοῦ
706 1367 831 1426 omuino
860 1368 997 1444 intellegi
1023 1375 1190 1444 nequeunt,
1214 1364 1466 1444 quandoquidem

269 1470 398 1546 scriptor
416 1468 554 1528 Anthurn
575 1468 606 1526 in
620 1469 731 1544 pullam
747 1469 873 1528 ardeam
888 1485 1070 1528 conversum
1085 1486 1154 1526 esse
1176 1487 1216 1528 ue
1230 1470 1322 1528 verbo
1340 1466 1466 1543 quidem

270 1567 385 1631 anteal
406 1570 514 1646 attigit.
557 1569 804 1644 Interpolationis
820 1580 926 1629 autem
940 1579 1152 1646 argumentum
1173 1578 1221 1628 est
1237 1570 1374 1646 quamvis
1394 1569 1466 1626 levi·

267 1673 402 1735 usculum
424 1680 458 1731 ut
479 1679 526 1729 est
547 1670 676 1746 exiguus
695 1670 785 1728 libelli
808 1671 1010 1730 Antoniniani
1034 1671 1185 1740 circuitus,
1208 1663 1315 1742 ἱκανῶς
1335 1689 1354 1730 a
1374 1669 1466 1746 scrip·

268 1776 341 1834 toris
365 1789 506 1832 sermone
527 1772 620 1849 plane
643 1771 820 1831 abhorrens.
865 1772 984 1842 Restat,
1008 1780 1041 1832 ut
1064 1781 1232 1831 extremam
1254 1771 1375 1832 fabulae
1397 1789 1467 1848 par·

269 1885 332 1936 tem
360 1875 481 1952 qualern
516 1892 535 1931 a
567 1873 714 1950 scriptore
741 1873 902 1932 formatam
928 1891 997 1932 esse
1023 1882 1110 1952 puto,
1138 1883 1237 1933 totam
1269 1882 1301 1931 et
1326 1871 1466 1930 omnibus

269 1973 555 2052 interpolationibus
572 1973 731 2031 liberatam
747 1991 915 2050 apponam:
929 1969 1083 2033 Αύτύνοον
1101 1969 1158 2051 μὲν
1172 1969 1360 2052 εἰργάσαντο2
1374 1967 1465 2042 ὄκνον,

269 2073 310 2138 ὅτι
329 2071 453 2154 ὤκνησεν
472 2069 613 2134 ἀπελάσαι
636 2068 684 2144 τὰς
701 2070 814 2145 ἵππους,
838 2070 892 2152 τὴν
913 2070 944 2136 δὲ
963 2069 1072 2154 μητέρα
1088 2070 1220 2152 κορούόν,
1243 2068 1284 2134 ὅτι
1298 2063 1465 2152 ε’κορύσσετο

267 2175 338 2254 πρὸς
361 2166 412 2248 τὰς
437 2173 543 2245 ἵππους
562 2168 713 2252 μαχομένη
744 2173 809 2253 περὶ
830 2179 881 2234 τοῦ
902 2165 1018 2248 παιδός·
1043 2172 1132 2235 αὐτὸν
1157 2171 1189 2236 δὲ
1214 2171 1263 2234 τὸν
1279 2171 1395 2234 Ἄνθον
1415 2173 1465 2234 καὶ

268 2276 317 2338 τὸν
341 2271 478 2353 Ἐρωύιὸν
509 2273 559 2334 καὶ
589 2270 711 2352 Σχοινέα
746 2273 796 2334 καὶ
820 2271 973 2336 Ἄκανθον
999 2275 1048 2336 καὶ
1073 2272 1265 2336 Ἀκανύύδα3
1296 2270 1465 2354 γενομένους
1561 2279 1563 2286 ’

268 2375 388 2458 ὄρνιθας
411 2380 451 2461 τῷ
487 2372 566 2461 αύτῷ
592 2371 736 2454 ἐ’πούησαν
769 2371 889 2454 ὀνόματι
920 2377 1088 2449 καλεῖσθαι,
1113 2373 1161 2435 τὸν
1191 2374 1219 2435 δ’
1254 2373 1385 2457 ὀπηύόν4
1416 2383 1467 2438 τοῦ

267 2475 383 2538 Ἄνθον
400 2473 474 2536 κατὰ
493 2472 583 2536 ταύτὰ
601 2478 640 2561 τῷ
661 2473 779 2562 ἀδελφῷ
794 2480 845 2537 τού
864 2474 966 2549 παιδὸς
985 2473 1122 2556 ἐποίησαν
1136 2474 1271 2556 ε’ρωδιύν·
1294 2477 1344 2537 καὶ
1365 2474 1400 2538 ού
1421 2475 1466 2558 yt'-

269 2599 346 2640 νεται
362 2575 497 2657 σύνεδρος
511 2561 609 2648 οὗτος5
633 2572 648 2636 ὃ
664 2573 782 2656 ε’ρωύιὸς
796 2574 891 2663 ἄνθην,
916 2573 956 2638 ὅτι
971 2574 1091 2659 μέγιστα
1106 2575 1181 2638 κακὰ
1197 2573 1311 2640 ἔπαθεν
1332 2569 1468 2652 dundee

268 2671 326 2742 ύπὸ
348 2683 404 2740 τῶν
424 2677 536 2739 ἵππων·
558 2677 608 2737 καὶ
629 2671 669 2738 ἔτι
691 2681 743 2738 νῦν
764 2673 831 2739 ὅταν
852 2675 962 2764 ἀκούσῃ
983 2677 1149 2761 φωνοῦντος
1168 2676 1266 2752 ἵππου,
1292 2675 1391 2760 φεύγει
1414 2701 1465 2757 μι-

266 2777 415 2860 μούμενος
430 2773 493 2857 ἅμα
515 2775 564 2858 τὴν
584 2774 696 2858 φωνήν.

366 2885 417 2944 Ad
446 2882 629 2943 narrationis
659 2883 775 2942 calcem
803 2883 1023 2960 ineptissimum
1049 2883 1135 2943 scioli
1162 2884 1322 2944 cuiusdam
1343 2882 1464 2940 addita·
1484 2887 1563 2938 sab.8

268 2995 404 3045 mentum
426 2983 650 3060 agglutinatum
671 2992 719 3043 est
740 3003 768 3060 p.
783 2999 852 3060 209,
869 3001 906 3058 14
926 2980 959 3044 ἐκ
985 2980 1019 3046 δὲ
1040 2972 1141 3063 ταύτης
1162 2981 1231 3062 (ie.
1256 2983 1377 3060 Sybaris
1396 2983 1464 3041 fons

267 3086 308 3143 ad
321 3085 456 3162 Delphos
475 3085 525 3162 qui
543 3081 698 3161 profluxit)
720 3082 770 3144 καὶ
789 3082 903 3162 Λοκροὶ
923 3079 1006 3144 ullo
1026 3080 1058 3144 ἐν
1074 3080 1181 3165 Ἰταλίᾳ
1197 3073 1328 3161 Σύβαριν
1344 3075 1464 3142 ἔκτισαν.

267 3186 338 3245 Non
361 3187 446 3264 quod
468 3194 502 3245 ut
523 3186 639 3262 priores
662 3186 799 3245 nonnulli
813 3187 948 3245 editores
963 3186 993 3244 in
1017 3187 1188 3246 elocutione
1202 3185 1353 3244 haesitem
1361 3180 1383 3255 ⁶,
1406 3184 1464 3242 sed

365 3391 377 3429 ¹
393 3395 476 3461 Apud
494 3394 667 3446 Aristotelem
685 3396 744 3466 ,1.ο.
766 3411 830 3447 sane
847 3395 959 3459 legimus
980 3393 1034 3447 τῶν
1052 3393 1078 3446 d’
1096 3394 1218 3464 ἐρωδιῶν
1235 3393 1294 3446 ἐστι
1311 3397 1371 3462 τρία
1387 3395 1463 3462 γένη,

268 3474 284 3532 ὅ
301 3496 330 3534 τε
347 3481 444 3540 nilion
462 3481 535 3552 (lege
553 3478 663 3550 πελλὸς)
682 3486 728 3536 καὶ
745 3479 869 3542 ὁλευκὸς
887 3486 933 3536 καὶ
952 3481 967 3537 ὁ
987 3481 1112 3552 ἀστερίας
1123 3475 1298 3553 καλούμενος.

365 3566 378 3604 ²
396 3571 474 3634 Quod
492 3573 582 3623 Bastio
602 3573 715 3623 debetur
721 3591 728 3632 ;
747 3573 813 3640 Xyl.
831 3575 870 3632 εἰς
888 3569 936 3626 τὸν
953 3574 1140 3624 subministrat.

395 3658 537 3725 Perperam
553 3659 750 3713 Ἀκανθυλλίύα
772 3660 858 3712 adhuc
875 3661 1022 3725 legebatur,
1046 3662 1141 3713 etenim
1159 3677 1250 3727 pamm
1268 3661 1393 3712 credibile
1408 3659 1462 3712 An·

268 3744 387 3795 toninum
400 3744 428 3796 in
447 3748 599 3799 nominibus
610 3749 726 3815 propriis
738 3750 862 3810 variasse,
882 3751 910 3800 id
929 3751 1001 3816 quod
1019 3751 1136 3801 librariis
1155 3751 1283 3817 imputare
1302 3748 1398 3810 malim,
1418 3764 1461 3798 ve·

267 3833 307 3883 lut
322 3850 347 3900 p.
363 3845 424 3896 209,
439 3846 470 3885 21
495 3836 541 3886 ubi
559 3840 660 3904 Πίερος
684 3838 818 3900 genetivus
842 3839 962 3902 occurrit,
988 3855 1046 3888 cum
1068 3845 1145 3889 antea
1167 3841 1267 3905 Πίερος
1288 3838 1462 3889 nominativus

268 3922 347 3974 suerit
364 3923 413 3988 (ib.
431 3940 455 3977 v.
478 3923 534 3991 18);
554 3926 595 3977 vel
612 3943 638 3993 p.
653 3927 744 3986 211,6
764 3919 898 3990 Χελιδών,
918 3944 1075 3993 quamquam
1094 3935 1188 3994 postea
1205 3925 1349 3984 Χελιδονὶς
1366 3926 1461 3989 legitur

268 4017 318 4071 ter;
340 4012 439 4062 deiude
458 4013 537 4063 modo
556 4006 722 4080 Πανύάρεος
739 4016 820 4065 modo
838 4007 1008 4084 Πανύάρεανς
1025 4016 1190 4066 librariorum
1210 4015 1295 4082 culpa.

365 4094 377 4132 ⁴
399 4100 463 4166 Xyl.
492 4095 555 4153 ‘ror
578 4099 610 4152 dl
635 4095 793 4170 θεράποντα
818 4097 866 4155 τὸν
887 4097 995 4168 ὀπηύὸν
1016 4103 1063 4155 τοῦ
1080 4095 1216 4165 ”Λνθου’,
1241 4103 1348 4153 alteram
1368 4117 1461 4152 vocem

270 4185 382 4252 spuriam
401 4201 460 4238 esse
479 4189 591 4241 conicio.

366 4271 379 4308 ⁵
400 4275 532 4342 Apollod.
551 4278 588 4336 II,
610 4291 666 4341 1,4
696 4280 741 4330 καὶ
767 4274 823 4331 ἀπὸ
847 4271 941 4344 ταύτης
963 4280 1040 4340 κτίζει
1067 4281 1192 4350 Μέμφιν
1218 4272 1307 4340 πόλιν,
1332 4296 1397 4345 quae
1423 4279 1461 4329 iu·

267 4360 334 4412 iuria
357 4363 390 4414 ab
412 4365 521 4431 Heynio
544 4366 571 4415 in
597 4368 773 4433 suspicionem
793 4376 885 4419 vocata
902 4385 958 4420 esse
983 4369 1105 4419 Hercher
1127 4370 1172 4434 qui
1191 4370 1325 4436 complura
1342 4369 1415 4418 illins
1433 4368 1461 4418 iu

268 4450 381 4502 dicendo
402 4452 537 4504 brevitatis
556 4455 665 4519 collegit
684 4456 813 4525 exempla,
833 4458 861 4508 in
879 4456 1011 4523 philologi
1030 4458 1084 4510 vol.
1097 4459 1138 4510 VI
1157 4474 1182 4524 p.
1199 4470 1248 4524 574
1268 4459 1335 4510 bene
1354 4458 1461 4509 demon·

268 4539 367 4591 stravit.

366 4621 547 4682 6Ρτοτιοιιιεα
565 4631 700 4684 offendere
713 4648 767 4683 nou
778 4634 872 4693 debet;
892 4633 1003 4698 legimus
1021 4635 1098 4703 paulo
1117 4624 1192 4687 antea
1209 4652 1235 4702 p.
1247 4647 1307 4701 207,
1323 4636 1354 4686 18
1373 4635 1410 4704 τῷ
1428 4634 1459 4690 δὲ
