3490 5286
749 339 954 399 -45-

258 513 348 570 verba
371 511 555 586 emendavit,
581 529 634 569 sex
657 510 748 570 libris.
792 509 921 568 Materia
948 516 1051 567 autem
1077 510 1119 566 ita
1142 509 1291 585 disposita
1318 512 1382 586 fuit,
1417 521 1451 570 nt

256 611 443 688 Pamphilum
471 612 695 687 inspicientium
724 612 889 669 commodo
919 628 1112 686 summopere
1139 612 1329 670 consuluisse
1356 615 1450 672 mani·
1496 647 1497 654 .

257 712 367 771 iestum
390 715 437 792 sit,
468 723 498 770 ut
527 715 577 788 qui
605 712 713 770 herbas
737 712 907 770 secundum
929 712 1067 769 ordinem
1089 713 1251 788 primarum
1274 722 1305 771 et
1328 716 1451 790 quidem

257 814 344 872 trium
367 815 528 891 primarum
552 815 717 872 litterarum
739 813 901 888 digesserit
913 807 933 872 1.
987 812 1092 884 Quare
1114 814 1219 889 procul
1245 814 1340 872 dubio
1362 835 1451 890 prae·

257 915 357 973 sertim
380 916 490 990 evenit,
518 923 551 972 ut
575 913 719 989 Pamphili
749 913 814 971 libri
842 932 861 970 a
883 913 1033 988 plerisque
1055 914 1235 988 legerentur.
1281 915 1375 987 Quod
1395 918 1451 974 nisi

256 1017 431 1093 accidisset,
465 1017 507 1072 ira
534 1015 644 1073 Galeni
667 1033 746 1073 vana
776 1014 946 1088 frustraque
974 1014 1106 1071 excitata
1136 1013 1221 1074 foret.
1270 1014 1307 1072 In
1328 1017 1452 1091 singulis

256 1124 360 1174 autem
387 1117 497 1193 plantis
524 1127 558 1174 ut
579 1116 622 1173 vir
645 1134 713 1174 vere
734 1114 950 1190 grammaticus
963 1110 985 1192 2,
1021 1115 1060 1171 sit
1089 1115 1175 1172 venia
1198 1117 1300 1186 verb0,
1331 1136 1453 1176 securus

256 1220 296 1277 de
327 1236 398 1275 vera
426 1218 587 1276 herbarum
620 1225 728 1275 natura
765 1235 887 1274 omnem
914 1224 1059 1291 posuerat
1087 1213 1300 1290 diligentiam³
1333 1218 1452 1277 Galeno

256 1329 462 1396 contemptam
483 1321 513 1376 in
537 1319 692 1376 addendis
714 1318 952 1392 enarrandisque
979 1315 1176 1375 nominibus4
1198 1320 1454 1396 metamorphosi·

256 1422 313 1478 bus
336 1437 416 1496 qnae
439 1421 479 1478 ad
501 1421 621 1496 plantas
642 1419 831 1495 pertinerent
844 1415 865 1496 ⁵,
894 1419 1152 1476 incantationibus
1176 1419 1365 1478 sacrificiisve
1388 1423 1452 1497 qui·

257 1522 313 1579 bus
336 1521 539 1596 superstitiosi
559 1521 697 1579 homines
719 1521 898 1594 colligentes
921 1518 1032 1576 herbas
1056 1527 1220 1580 uterentur.
1260 1519 1453 1579 Continuisse

256 1631 360 1680 antem
384 1640 417 1680 se
439 1622 511 1679 solis
532 1621 633 1680 herbis
654 1621 827 1697 Pamphilus
850 1621 970 1677 videtur
983 1615 1005 1679 ⁶.
1049 1620 1241 1678 Revertimur
1263 1622 1303 1678 ad
1327 1622 1454 1680 Antoni·

256 1741 339 1784 num.
378 1723 464 1796 Quid
485 1724 578 1781 Batto
602 1740 671 1780 cum
693 1719 813 1780 herbis?
839 1721 977 1796 Longius
1000 1721 1145 1796 progredi
1171 1722 1248 1781 licet.
1284 1723 1359 1780 Fere
1382 1742 1454 1781 nus-

258 1821 374 1900 quam⁷
397 1826 480 1901 apud
491 1825 679 1882 Antoninum
704 1826 743 1881 de
766 1825 889 1898 plantae
912 1821 1150 1898 metamorphosi
1172 1841 1272 1880 sermo
1288 1832 1343 1885 est.
1372 1823 1453 1883 Con·

260 1929 335 1987 verti
367 1928 502 1986 assolent
535 1925 674 1983 homines
706 1925 736 1984 in
769 1927 846 1983 deos
880 1925 993 1983 bestias
1026 1924 1151 1999 lapides,
1202 1924 1331 1984 Accedit
1363 1926 1454 1988 aliud.

257 2028 368 2087 Nonne
383 2028 455 2087 satis
471 2028 605 2085 notabile
627 2035 674 2085 est
697 2047 714 2084 a
736 2026 901 2084 scholiasta
925 2026 1041 2084 titulum
1064 2026 1165 2102 operis
1183 2025 1341 2102 Pamphilii
1362 2030 1454 2105 plane

258 2131 403 2188 omissum
425 2147 504 2205 esse,
528 2128 666 2186 additum
689 2128 753 2186 libri
772 2127 932 2204 peculiaris
955 2145 1112 2185 numerum
1130 2119 1185 2200 ’(ῶς
1206 2146 1273 2205 φησι
1297 2125 1456 2210 Πάμφιλος

257 2227 290 2290 ἕν
304 2223 371 2308 α’)Ρ
395 2230 432 2288 ld
447 2231 532 2306 quod
548 2248 567 2288 a
581 2229 762 2287 scholiastae
785 2229 1010 2287 consuetudine
1029 2228 1173 2286 abhorret
1194 2247 1295 2306 neque
1317 2232 1454 2290 eiusdem

258 2333 344 2390 modi
370 2332 430 2408 legi
460 2331 634 2389 testimonia
657 2331 714 2389 nisi
736 2333 776 2389 ad
801 2329 953 2390 Parthenii
980 2330 1042 2390 fab.
1070 2344 1104 2402 15
1137 2323 1156 2407 ἡ
1180 2323 1291 2406 ἱστορία
1313 2329 1453 2411 παρὰ...

261 2428 406 2515 Φυλάρχῳ
427 2428 460 2490 ἐν
480 2426 513 2492 ιε’
534 2441 564 2489 et
580 2431 639 2493 iab.
653 2447 689 2506 33
715 2426 837 2508 intonsi.
852 2427 1028 2510 ..Νεάνθης
1045 2426 1083 2507 β’.
1116 2431 1163 2488 lbi
1183 2430 1326 2528 librorum
1350 2435 1454 2492 titulus

257 2633 368 2684 beclrius
386 2633 573 2700 (Aglaopham.
587 2650 613 2699 p.
626 2631 687 2699 610)
706 2633 734 2682 in
754 2629 782 2690 ἓξ
801 2631 909 2700 ἔγραψε
928 2634 1017 2700 βιβλία
1031 2633 1151 2694 correxit,
1165 2635 1263 2700 quibus
1276 2635 1375 2701 optime
1393 2641 1455 2685 tnnc

260 2729 428 2789 opponuntur
446 2739 471 2774 v.
488 2734 512 2786 7.
538 2717 552 2772 ὁ
573 2719 604 2772 δὲ
623 2719 822 2789 Διοσκουρίδης
839 2720 869 2773 ἐν
889 2723 971 2774 πέντε
990 2723 1102 2787 βιβλίοις
1121 2717 1168 2786 τὴν
1182 2715 1325 2792 χρήσιμον
1343 2717 1456 2775 ἅπασαν

259 2805 324 2876 ὕλην
342 2810 467 2879 ἔγραψεν
485 2810 540 2860 κτλ.

358 2895 448 2949 ¹Hae
467 2900 534 2949 enim
554 2900 623 2964 apud
642 2898 809 2964 Pamphilum
834 2913 893 2948 sese
913 2899 1079 2965 excipiebant
1099 2899 1196 2950 herbae
1216 2899 1259 2968 (cl.
1280 2899 1376 2950 Galeni
1393 2900 1412 2950 1.
1431 2915 1454 2951 c.

262 3003 287 3052 p.
306 2989 381 3055 797):
410 2981 562 3054 ἀβρότονον
588 2989 680 3052 (immo
698 2979 861 3054 rifipdrovom
894 2987 927 3038 cs.
947 2987 1105 3037 Schneideri
1134 2989 1167 3038 ad
1190 2988 1250 3040 Nic.
1270 2988 1350 3040 Ther.
1377 2995 1403 3041 v.
1421 3001 1453 3049 92

263 3073 368 3143 annot),
387 3067 479 3143 ἄγνος,
497 3068 639 3142 ἅγρυνστις,
658 3067 793 3143 ἥγχουσα,
812 3073 953 3142 detortos,
971 3069 1051 3127 ἀετοῦ
1069 3070 1178 3143 βοτάνη.
1332 3065 1336 3069 ”

358 3161 371 3198 2
388 3181 414 3230 p.
435 3174 494 3228 793,
513 3175 541 3228 15
569 3155 721 3234 Πάμφιλος
739 3160 754 3215 ὁ
774 3159 806 3215 τὰ
827 3165 888 3232 περὶ
907 3163 961 3216 τῶν
980 3163 1104 3229 βοτανῶν
1124 3166 1234 3223 συνθεὶς
1253 3157 1365 3230 abdritis
1382 3165 1457 3220 ἐστιν

259 3246 310 3310 κάξ
325 3247 415 3304 αὐτῶν
433 3241 470 3303 ὧν
487 3245 588 3321 γράφει
608 3247 800 3322 γραμματικὸς
818 3243 863 3304 ῶν,

360 3335 471 3404 3Μὴι9’
490 3337 616 3408 ἑωρακὼς
638 3336 684 3398 τὰς
701 3333 817 3406 βοτάνας
843 3337 912 3410 ὑπὲρ
940 3335 978 3394 ὡν
997 3341 1126 3410 διηγεῖται
1154 3337 1222 3410 μήτε
1249 3342 1295 3408 τῆς
1313 3336 1456 3412 δυνάμεως

260 3425 347 3482 αὐτῶν
365 3431 575 3499 πεπειραμένος,
594 3423 662 3480 ἀλλὰ
685 3433 740 3486 τοῖς
759 3427 813 3498 πρὸ
832 3421 913 3481 αὐτοῦ
930 3423 1104 3501 γεγραφόσιν
1122 3424 1227 3483 ἅπασιν
1251 3425 1315 3484 ἄνευ
1333 3427 1456 3499 βασάνου

262 3510 456 3573 πεπιστευκώς.

360 3601 373 3639 ⁴
390 3605 504 3670 Πλῆθος
522 3598 665 3676 ὀνομάτων
685 3597 737 3674 ἐφ’
750 3599 849 3678 ἑκάστη
867 3601 966 3677 βοτάνη
984 3601 1075 3675 μάτην
1093 3612 1252 3675 προςτιθείς.

361 3689 374 3726 ⁵
392 3695 517 3756 Urgenda
536 3695 605 3744 enirn
625 3701 686 3745 sunt
704 3695 784 3744 verba
803 3693 855 3746 εἷθ’
875 3693 933 3760 ἑξῆς
951 3699 1031 3752 εἴτις
1048 3692 1136 3748 αὐτῶν
1155 3695 1203 3763 (sc.
1214 3695 1349 3763 βοτανῶν)
1368 3696 1396 3756 ii
1412 3691 1457 3750 τ’τν·

261 3774 376 3849 antinoo
393 3777 601 3853 μετεμορφώθη
620 3776 812 3853 διηγούμενος
831 3785 906 3834 deest
924 3784 1003 3847 igitur
1021 3799 1072 3850 qua
1090 3785 1232 3834 cuiuslibet
1250 3786 1352 3848 generis
1376 3793 1457 3836 meta·

261 3872 418 3939 morphoses
435 3873 472 3923 ibi
491 3881 611 3925 tractatas
630 3891 690 3926 esse
709 3876 870 3926 coniciamus
890 3875 1057 3940 significatio.

257 4003 259 4008 .
362 3957 452 4013 ⁰Hoc
475 3964 545 4014 enim
569 3965 666 4028 colligo
686 3981 701 4016 e
719 3965 806 4015 verbis
832 3961 846 4016 ὁ
872 3964 903 4016 δὲ
928 3962 1126 4032 Διοσκουρίδης
1148 3961 1179 4014 ἓν
1197 3963 1279 4014 πέντε
1296 3963 1410 4028 βιβλίοις
1427 3959 1459 4016 οὗ

263 4049 387 4116 βοτανῶν
403 4045 494 4120 μόνον
511 4049 560 4119 (sc.
582 4048 618 4110 ῶς
629 4046 792 4123 Πάμφιλος)
811 4048 877 4103 ἀλλὰ
896 4055 942 4104 καὶ
959 4051 1083 4120 δένδρων
1102 4052 1147 4102 καὶ
1165 4049 1279 4119 καρπῶν
1297 4051 1351 4104 κτλ.
1377 4051 1456 4116 Quod

264 4138 288 4188 si
305 4154 393 4190 verum
413 4146 505 4190 est-
524 4155 611 4206 neque
629 4142 686 4192 ulla
708 4143 735 4192 in
754 4141 843 4192 herbis
868 4148 893 4192 et
911 4142 1008 4208 plantis
1027 4141 1123 4192 exinde
1142 4139 1299 4190 enumeratis
1318 4140 1396 4190 arbor
1419 4155 1457 4190 re·

262 4227 361 4293 peritur
381 4257 413 4265 -
432 4228 507 4278 nulla
525 4229 634 4279 omnino
653 4231 781 4280 Antonini
801 4231 911 4280 narratio
930 4229 982 4280 huc
1002 4230 1071 4282 facit.

362 4312 374 4350 2
391 4319 433 4367 De
452 4317 572 4367 arborum
591 4318 780 4368 mutationibus
803 4319 887 4382 agitur
909 4319 979 4384 apud
998 4318 1163 4368 Antoninum
1192 4316 1265 4368 labb.
1286 4326 1328 4379 31,
1346 4326 1388 4378 32,
1408 4327 1457 4380 37;

264 4406 378 4469 tangitur
396 4404 472 4455 huius
491 4406 564 4456 modi
579 4407 799 4473 metamorphosis
818 4423 843 4472 p.
864 4419 923 4466 222,
948 4419 975 4456 11
998 4406 1024 4455 in
1043 4407 1095 4457 fab.
1116 4417 1158 4456 22.
1194 4403 1277 4470 Apud
1289 4403 1457 4454 Parthenium

263 4491 316 4544 sab.
331 4505 361 4559 15
381 4493 414 4544 de
428 4495 540 4560 Daphne
557 4495 648 4558 agitur.
685 4495 783 4545 Nonne
802 4510 864 4544 vero
876 4495 969 4544 mirum
983 4495 1054 4560 quod
1072 4495 1105 4543 ad
1117 4493 1278 4542 notissimam
1298 4493 1332 4542 de
1347 4493 1457 4558 Smyrna

262 4582 436 4631 narrationem
456 4583 586 4634 Antonini
604 4583 666 4648 (sab.
685 4581 732 4649 34)
751 4584 820 4633 illnd
840 4567 856 4635 ὅ
873 4583 890 4634 i.
911 4599 933 4636 e.
954 4579 1035 4636 οὐδὲν
1058 4583 1174 4632 additum
1202 4588 1252 4634 est:
1282 4580 1351 4632 ‘non
1374 4588 1459 4632 exstat

262 4670 470 4721 testimonium’?
