3490 5286
799 341 1003 417 ..33-

402 547 432 604 p.
449 541 552 600 222‚5
572 522 697 598 ἕξαίσιον
716 521 773 605 γάρ
794 546 819 585 τι
840 523 890 585 καὶ
909 521 1027 586 ἀπισιον
1043 531 1149 605 χρῆμα
1166 531 1306 605 χειμῶνος
1315 524 1336 589 ¹.

303 629 340 686 In
362 629 468 705 quibus
489 628 637 703 exemplis
662 628 960 687 circumlocutionem
981 647 1035 705 per
1051 625 1156 706 χρῆμα
1184 628 1296 687 factam
1322 630 1383 687 noli
1411 645 1498 704 prae·

304 729 402 806 terite,
435 747 526 805 quam
550 730 575 787 si
596 729 788 789 adhibebant
815 730 1007 799 recentiores,
1029 724 1174 801 ἀττικίζειν
1198 730 1255 788 sibi
1282 731 1464 788 videbantur
1476 724 1496 788 2.

303 831 467 889 Praeterea
489 830 645 891 conferas:

402 949 431 1006 p.
449 931 518 1005 228,
536 947 575 989 2ο
596 927 688 1009 αὐτὴν
715 927 742 990 δ’
764 927 874 1011 ἀιγατος
893 925 964 1010 ἔρως
984 925 1100 1009 ἔξέμηνε
1121 935 1172 991 τοῦ
1194 926 1318 992 Καύνου

262 1097 264 1103 y
345 1041 377 1091 et
400 1052 428 1109 p.
446 1047 517 1107 231,
534 1049 572 1090 22
596 1027 687 1103 δεινὸς
705 1027 762 1110 γὰρ
785 1025 878 1110 αὐτὴν
901 1025 972 1108 ἔρως
991 1026 1123 1110 ἔξέμηνεν
1144 1028 1193 1092 ἐπὶ
1210 1035 1250 1117 τῷ
1273 1026 1368 1109 πατρί.

403 1151 433 1209 p.
451 1148 520 1207 223,
537 1147 575 1208 25
598 1127 783 1210 πειρώμενος,
805 1128 833 1191 εἰ
854 1128 934 1217 αὐτῷ
953 1127 1107 1209 συμμένειν
1120 1178 1127 1193 .
1141 1178 1148 1192 .
1162 1178 1168 1193 .
1180 1126 1275 1193 ἐθέλει

347 1241 379 1291 et
403 1252 434 1310 p.
458 1232 532 1308 236,
559 1249 596 1308 19
624 1229 755 1310 ἐπειρᾶτο
788 1230 837 1317 τῆς
867 1227 1044 1312 Πρόκριδος,
1075 1230 1103 1293 εἰ
1134 1228 1289 1309 συμμένειν
1320 1279 1357 1294 ..
1382 1282 1389 1295 .
1421 1229 1500 1316 αἰνῷ

304 1330 457 1412 ἐθελήσαι.
679 1333 682 1338 ’

404 1455 434 1513 p.
450 1434 519 1505 216,
536 1452 556 1509 4
578 1429 597 1513 ἦ
619 1430 651 1495 δὲ
671 1438 707 1518 γῆ
729 1435 858 1494 πλεῖσιον
879 1431 985 1512 αὐτοῖς
995 1431 1111 1516 ἐξέφερε
1130 1430 1250 1513 καρπόν.

348 1547 380 1596 et
405 1556 434 1614 p.
449 1551 549 1611 234,r
574 1534 623 1595 καὶ
644 1531 742 1607 αὐτοῖς
765 1534 820 1609 (sc.
844 1531 864 1614 ή
885 1533 936 1614 γῆ)
956 1530 1073 1615 ἐξέφερε
1095 1538 1224 1598 πλεῖστον
1244 1533 1364 1614 καρπόν.

405 1638 468 1697 Sed
491 1637 569 1696 haec
587 1637 749 1696 hactenus:
773 1656 810 1694 ex
831 1655 943 1712 magna
966 1639 1056 1715 copia
1080 1639 1140 1698 ista
1162 1639 1313 1697 delibasse
1335 1639 1502 1715 specimina

307 1740 380 1799 satis
411 1748 457 1799 est
469 1735 491 1802 ⁸.
534 1739 638 1797 Unum
660 1747 765 1798 tamen
790 1740 831 1797 de
853 1740 1084 1816 repetitionibus
1111 1741 1206 1799 addo.
1251 1742 1399 1817 Exempla
1421 1759 1500 1816 quae

306 1841 428 1918 protuli,
455 1840 517 1898 lere
544 1840 646 1899 omnia
670 1841 713 1898 ite
745 1850 922 1918 comparata
951 1850 1028 1911 sunt,
1057 1850 1091 1900 ut
1110 1842 1299 1900 Antoninum
1322 1843 1417 1917 magis
1439 1859 1502 1899 non

307 1943 441 2019 potuisse
468 1942 585 2001 variare
611 1960 701 2019 quam
731 1943 862 2002 noluisse
883 1943 947 2000 iure
969 1943 1145 2003 efficiamus.
1188 1943 1311 2002 Etenim
1334 1944 1365 1999 in
1386 1942 1502 2000 levissi-

306 2044 363 2101 mis
384 2043 567 2120 quibusdam
586 2043 718 2102 minutiis
737 2044 838 2102 omnia
861 2044 924 2102 fere
945 2044 1089 2104 differunt
1111 2045 1299 2122 affluuntque
1317 2044 1507 2122 variationes·

308 2145 403 2203 exiles
426 2154 457 2204 et
477 2146 611 2221 ineptae,
643 2146 747 2222 quales
775 2156 860 2203 sunt:
892 2165 921 2222 p.
945 2161 1013 2220 232,
1038 2161 1077 2220 24
1106 2140 1185 2206 λα’κοι
1207 2142 1239 2206 δὲ
1262 2141 1448 2226 ἀφηγήσαντο
1471 2153 1503 2203 et

307 2246 398 2321 paulo
420 2254 491 2322 post
509 2239 565 2304 ἀπὸ
585 2248 641 2304 τῶν
661 2239 909 2324 καθηγησαμένων
931 2242 1042 2316 iduum
1065 2265 1094 2323 p.
1112 2263 1182 2326 223,
1203 2247 1241 2304 26
1257 2267 1301 2324 sq.
1319 2247 1443 2324 χλαῖναν
1456 2293 1462 2305 .
1474 2289 1503 2306 ..

304 2342 454 2425 ,rapum
470 2366 499 2424 p.
514 2363 586 2421 223,
599 2363 634 2422 31
652 2341 739 2425 κρύος
752 2365 822 2405 cum
838 2348 926 2405 fuerit
942 2357 1034 2406 antea
1048 2336 1169 2426 κρυμάς;
1193 2368 1222 2426 p.
1236 2363 1332 2422 232,3
1355 2341 1439 2423 ἄχαρι
1454 2344 1504 2404 καῖ

308 2445 441 2524 ἄθεσμον
454 2442 545 2526 ἔργον,
567 2451 624 2507 sed
639 2468 665 2508 v.
684 2465 719 2507 12
735 2442 772 2507 δι’
794 2441 878 2526 ἔργον
891 2444 1064 2526 &dipteron
1087 2451 1157 2508 vide
1172 2468 1295 2527 quoque
1309 2469 1339 2525 p.
1354 2465 1424 2524 210,
1439 2464 1454 2504 2
1472 2456 1504 2504 et

313 2567 364 2625 ¹23
384 2567 453 2628 219,
467 2565 502 2607 21
522 2557 553 2608 et
566 2564 619 2622 23;
640 2545 719 2607 alia4
733 2568 813 2628 quae
828 2568 1006 2610 enumerare
1021 2552 1145 2627 longum
1159 2560 1216 2610 est.
1243 2550 1504 2626 Quandoquidem

312 2670 383 2710 vero
406 2651 458 2710 ubi
480 2651 522 2710 ad
543 2651 698 2710 interitum
721 2651 817 2727 vergit
838 2651 950 2726 lingua,
973 2655 1134 2711 verborum
1161 2653 1251 2728 copia
1274 2653 1370 2727 magis
1391 2651 1503 2726 magis·

311 2771 371 2829 que
392 2760 596 2811 evanescente
618 2753 681 2810 fieri
702 2770 767 2810 non
794 2759 908 2828 potest,
931 2752 1004 2832 quin
1025 2753 1186 2829 praecipue
1207 2752 1448 2828 praepositiones
1473 2762 1504 2809 et

310 2853 477 2931 particulae
498 2869 622 2929 pessum
644 2861 726 2926 eant,
739 2871 802 2911 non
824 2854 889 2912 sine
911 2862 1067 2913 momento
1086 2871 1156 2914 esse
1169 2852 1298 2928 videtur,
1322 2855 1405 2930 quod
1419 2854 1505 2929 apud

311 2955 501 3014 Antoninum
530 2964 563 3015 ut
590 2955 719 3014 rariores
739 2956 864 3014 voculas
887 2955 1037 3032 omittam,
1067 2952 1148 3014 ἀνάὅ
1170 2965 1200 3015 et
1221 2951 1324 3035 ἀμφὶ6
1348 2955 1505 3033 praeposi·

312 3056 411 3114 tiones
432 3058 524 3132 plane
550 3056 672 3128 desunt,
702 3074 828 3132 quarum
852 3055 995 3114 notiones
1016 3051 1098 3130 κατά,
1121 3044 1210 3134 παρά,
1238 3055 1305 3134 περὶ
1326 3057 1503 3114 induerunt:

312 3156 413 3214 Dubia
440 3165 544 3215 autem
568 3163 618 3214 est
638 3150 671 3235 γὲ
696 3155 844 3232 particula
871 3152 924 3232 (ci.
947 3173 977 3230 p.
1001 3155 1040 3213 28
1062 3151 1158 3235 diss),
1188 3165 1296 3233 utpote
1328 3174 1409 3234 quae
1442 3175 1504 3215 uno

312 3258 379 3316 loeo
401 3257 454 3334 qui
477 3258 570 3317 etiam
591 3258 652 3316 alio
674 3257 798 3318 nomine
820 3265 982 3334 suspectus
1005 3257 1053 3330 sit,
1074 3257 1244 3316 inveniatur
1256 3254 1277 3318 ⁷.

412 3445 423 3485 ¹
441 3451 513 3502 Vide
531 3451 611 3503 Dion.
628 3451 691 3504 Hal.
709 3454 745 3502 A.
764 3452 799 3502 R.
818 3451 868 3511 111,
884 3462 918 3514 7o
936 3441 1048 3517 βότρυος
1068 3442 1187 3502 ἄπιστόν
1204 3467 1228 3501 τι
1245 3447 1340 3518 χρῆμα
1363 3456 1389 3500 et
1406 3449 1504 3500 Athen.

314 3541 377 3606 VII,
393 3539 442 3590 188
460 3529 495 3604 ήν
511 3539 558 3620 κοῦ
573 3539 712 3611 χειμῶνος
727 3537 824 3609 χρῆμα
841 3530 989 3607 ἀφόρητον.

412 3624 527 3679 2Attici
550 3629 618 3679 hanc
641 3628 803 3678 locutionem
820 3626 934 3677 Ionibus
954 3626 1111 3686 debuerunt;
1140 3626 1173 3677 cs.
1198 3625 1270 3678 Poll.
1288 3627 1340 3687 IX,
1359 3629 1402 3690 87.
1433 3627 1505 3676 Inter

314 3718 470 3768 recentiores
489 3718 628 3784 praecipue
641 3717 772 3767 Lucianus
792 3714 921 3767 adhibuit.

413 3803 425 3840 ³
443 3806 569 3857 Consulto
589 3821 633 3856 eas
646 3805 750 3869 neglexi
762 3804 932 3871 repetitiones
951 3820 1017 3871 quae
1034 3803 1061 3853 in
1075 3803 1166 3854 eadem
1179 3802 1317 3854 historiola
1330 3803 1506 3869 inveniuntur,

314 3895 409 3962 quippe
428 3911 491 3962 quas
510 3911 586 3946 nemo
605 3894 688 3961 primo
705 3892 800 3944 obtutu
818 3909 872 3943 non
890 3893 987 3944 videat.

412 3980 482 4035 ‘Cn
504 3999 527 4035 e.
549 3999 575 4048 g.
595 3982 722 4034 formulas
740 3984 838 4050 ἵναπερ
858 3974 973 4046 εἱστήκει
990 3997 1016 4048 p.
1033 3991 1093 4046 205,
1110 3979 1155 4040 18;
1175 3992 1235 4044 223,
1250 3992 1282 4047 25
1303 3988 1329 4031 et
1347 3973 1448 4046 ὅθιπερ
1472 3981 1506 4030 εἱ-

315 4065 406 4138 στήκει
430 4090 455 4140 p.
479 4085 538 4137 233,
561 4073 604 4133 16;
635 4083 695 4138 235,
718 4083 763 4134 14;
792 4083 853 4135 231,
873 4081 915 4137 25.
951 4069 1084 4136 Imprimis
1106 4068 1221 4120 abutitur
1247 4069 1399 4120 Antoninus
1426 4069 1506 4119 verbo

314 4154 448 4231 ἀπάγειν,
470 4162 503 4214 cs.
523 4177 545 4214 e.
566 4177 591 4226 g.
608 4177 634 4228 p.
648 4171 708 4225 213,
724 4171 739 4209 2
757 4175 815 4226 sqq.
841 4150 978 4226 ἀπήνεγκε
989 4193 996 4208 .
1008 4193 1015 4210 .
1025 4151 1205 4226 ἀπενεγκεῖν.
1216 4196 1222 4211 .
1233 4152 1396 4226 ἀπενεγκεῖν
1406 4197 1411 4210 .
1423 4196 1429 4209 .
1440 4149 1506 4222 ἀπή-

315 4266 412 4320 νεγκεν
422 4289 428 4304 .
439 4245 612 4319 ἀπαγαγεῖν
622 4290 628 4303 .
639 4289 645 4302 .
656 4243 807 4317 ἀπήγαγεν.

418 4336 488 4390 ⁵Cs.
507 4340 608 4391 Krebs.
627 4339 753 4404 Praepos.
771 4337 815 4387 bei
836 4335 930 4403 Polyb.
950 4352 976 4402 p.
990 4346 1023 4399 33
1044 4351 1104 4386 ann.
1123 4347 1148 4397 4.

414 4425 427 4464 θ
444 4427 482 4483 Cf.
499 4429 565 4482 ibid.
581 4445 606 4495 p.
618 4427 652 4491 98
673 4440 773 4489 ann.4;
793 4427 865 4477 deest
883 4419 960 4495 ἀμφὶ
979 4425 1055 4492 plane
1073 4425 1124 4474 iam
1143 4424 1214 4490 apud
1227 4425 1408 4482 Aristotelem,
1421 4423 1505 4474 Theo·

315 4518 457 4586 phrastum‚
486 4516 636 4584 Polybium.
674 4515 774 4567 Redire
794 4531 850 4565 earn
870 4522 958 4564 tamen
977 4514 1046 4580 apud
1064 4490 1236 4563 Parthenium
1254 4513 1321 4572 vidi;
1350 4513 1445 4576 legitur
1467 4512 1506 4562 ibi

316 4613 407 4672 quater
425 4603 463 4672 (p.
479 4605 538 4672 158,
555 4617 599 4669 133
622 4607 679 4669 163,
696 4615 724 4670 13
747 4603 805 4668 163,
817 4604 864 4667 283
886 4606 974 4668 171,b
994 4602 1035 4655 ed.
1048 4600 1151 4668 Westl.

414 4689 426 4728 '¹
443 4695 484 4744 De
503 4692 536 4762 γὲ
554 4694 695 4762 particulae
707 4692 776 4759 apud
794 4692 949 4758 posteriores
969 4707 1018 4742 usu
1035 4690 1099 4741 alibi
1117 4704 1199 4753 agam.
