3490 5286
785 302 971 360 -g..

283 491 382 550 tiones
404 508 475 548 vero
498 491 649 548 adunam
671 488 735 548 fere
753 506 861 548 omnes
884 488 927 547 sic
948 487 1112 566 incipiunt:
1139 480 1248 567 ἐγένετο
1271 487 1317 545 vel
1339 482 1404 573 ᾤκει
1428 487 1477 547 vel

282 585 449 670 ἐβασίλευσε
477 589 525 650 hic
552 589 601 648 ille
625 589 657 648 in
685 589 742 649 hac
768 589 819 648 illa
848 598 929 647 terra
955 608 994 648 ne
1017 583 1083 648 ποτέ
1105 589 1231 667 quidem
1255 589 1373 664 addito.
1415 588 1475 646 De·

283 693 357 750 inde
378 695 508 771 φανῆναι
532 709 590 749 vox
613 692 652 750 ab
676 707 732 748 usu
753 690 902 767 loquendi
924 690 1086 749 abhorrere
1109 691 1228 748 videtur
1243 689 1404 765 scriptoris
1427 690 1477 765 qui

285 793 362 852 dixit
386 809 461 852 sane
482 810 513 869 p.
537 805 607 866 237,
634 803 672 865 25
694 785 836 870 ἐφάνη..
857 780 1000 868 ,ἀλώπηξ
1026 798 1058 848 et
1086 810 1116 868 p.
1136 806 1208 869 212,
1230 805 1268 864 25
1294 784 1388 870 ε’φάνη
1411 835 1417 850 .
1439 833 1476 851 ..

282 887 388 975 χρῆμα
409 886 520 963 λέοντος
528 886 550 962 1,
574 892 615 950 de
637 890 810 950 hominibus
833 899 936 949 autem
957 908 1022 949 non
1043 891 1190 951 adhibuit.
1222 891 1315 951 Porro
1334 911 1396 950 non
1411 892 1477 950 sine

285 995 455 1055 offensione
481 988 529 1052 τὸν
556 994 611 1071 γῆς
638 1000 699 1062 est,
734 992 984 1067 quandoquidem
1011 991 1145 1068 Cecrops
1179 1011 1242 1051 non
1273 987 1289 1052 ὁ
1325 991 1386 1071 Γῆς
1410 993 1429 1054 i.
1453 1013 1478 1052 e.

286 1097 364 1154 deae
397 1095 474 1154 filius
510 1093 575 1164 fuit,
604 1093 661 1152 sed
691 1084 847 1172 αὐτόχθων
880 1088 1035 1169 (Apollod.
1057 1093 1112 1160 III,
1139 1109 1185 1167 14,
1213 1090 1251 1170 r),
1289 1094 1376 1154 cuius
1410 1094 1479 1154 loco

287 1196 397 1256 Graeci
424 1203 455 1253 et
482 1189 598 1278 γηγενὴς
622 1191 677 1266 (de
700 1193 839 1269 Cecrope
860 1192 954 1255 Diod.
976 1193 1035 1255 Sic.
1056 1194 1080 1263 Ι,
1104 1192 1156 1270 28)
1181 1204 1214 1253 et
1242 1197 1297 1273 γῆς
1315 1191 1481 1273 ἑκπεφυκὼς

287 1296 371 1372 (Eur.
391 1297 457 1355 Ion.
480 1291 555 1372 542)
575 1295 734 1353 dicebant:
768 1313 822 1354 eos
856 1290 872 1353 ὁ
902 1297 957 1373 γῆς
985 1313 1108 1371 quoque
1135 1295 1248 1354 dixisse
1277 1314 1340 1354 non
1370 1296 1480 1356 inveni.

286 1400 388 1458 Causa
415 1405 518 1456 autem
548 1414 602 1455 cur
623 1396 868 1456 additamentum
889 1397 1051 1471 glossatori
1074 1396 1157 1455 haud
1176 1397 1362 1473 superfluum
1384 1398 1480 1457 visum

286 1503 334 1570 sit,
354 1501 386 1559 in
407 1499 510 1575 aprico
533 1506 590 1558 est.
630 1496 775 1575 Periphas
798 1497 878 1554 enim
901 1514 970 1555 cum
991 1497 1023 1555 in
1044 1514 1149 1572 regum
1162 1498 1331 1556 Atticorum
1353 1516 1481 1576 quorum

286 1603 414 1678 primum
436 1600 607 1677 Cecropem
630 1598 724 1658 fuisse
745 1598 835 1673 vulgo
858 1597 1163 1657 comminiscebantur
1185 1597 1389 1674 (ciApollod.
1406 1599 1422 1655 l.
1435 1591 1481 1676 c.),

286 1701 434 1762 laterculo
457 1702 593 1772 deesset,
614 1699 815 1776 interpolator
833 1699 877 1758 sic
901 1717 972 1758 eam
992 1699 1203 1759 difficultatem
1218 1717 1373 1758 removere
1388 1717 1480 1757 cona-

235 1789 241 1804 ’
288 1813 337 1863 tus
359 1811 415 1873 est,
438 1810 472 1861 ut
495 1801 658 1878 Peripham
681 1800 887 1859 vetustissimo
910 1801 1108 1860 vetustiorem
1130 1819 1199 1860 esse
1221 1809 1390 1860 annotaret.
1424 1800 1482 1859 Ce-

287 1915 386 1964 terum
410 1903 576 1983 praeterire
606 1901 698 1960 nolim
724 1920 752 1977 p.
770 1917 839 1975 224,
862 1901 900 1960 28
922 1901 1078 1978 glossema
1100 1909 1231 1973 exstare,
1260 1902 1345 1979 quod
1372 1902 1483 1959 eadem

286 2007 406 2066 ratione
428 2002 497 2082 (per
509 2000 577 2082 πρὶν
592 1995 625 2082 ἢ)
640 2002 864 2078 agglutinatum
879 2011 926 2061 est
947 2003 1099 2078 scriptoris
1117 2003 1283 2065 contextui.
1325 2046 1327 2052 ι

388 2126 417 2184 p.
432 2121 503 2182 207,
518 2121 534 2163 2
557 2104 697 2182 legimus:
719 2099 795 2175 Ζεὺς
813 2098 845 2163 δὲ
867 2098 1028 2180 νεμεσήσας
1046 2099 1180 2182 ἐβούλετο
1206 2099 1282 2182 μέν.
1296 2151 1302 2164 .
1315 2099 1369 2182 τὴν
1389 2099 1484 2162 οἰκίαν

287 2203 418 2291 κεραυνῷ
440 2200 610 2284 συμφλέξαι,
633 2198 782 2283 δεηθέντος
803 2197 828 2263 d'
847 2199 1031 2275 ’Λπόλλωνος
1048 2201 1094 2282 μὴ
1117 2199 1205 2266 αι’πάν
1224 2200 1389 2266 ἀπολέσθω
1410 2225 1483 2264 παν-

289 2302 430 2386 ώλεθρον,
459 2303 522 2366 ἐπεὶ
543 2307 681 2383 περισσῶς
702 2294 791 2364 αὐτὸν
811 2299 906 2382 ἒιίμα,
928 2307 1008 2364 τοῦτο
1027 2300 1083 2383 μέν
1097 2298 1260 2366 Ἀπόλλωνι
1280 2301 1389 2376 δίδωσι,
1410 2303 1485 2377 Ζεὺς

289 2405 316 2467 δ’
346 2403 444 2468 ἐλθὼν
472 2408 529 2468 κτλ.
573 2407 610 2466 In
641 2407 751 2483 quibus
784 2409 847 2466 duo
875 2406 947 2466 vitia
980 2406 1115 2466 eluenda
1140 2416 1221 2470 sunt.
1267 2395 1484 2469 ‘Accusativus

290 2529 359 2570 cum
380 2497 544 2569 infinitivo'
558 2517 630 2585 post
646 2505 764 2568 δεῖσθαι
778 2527 841 2567 uon
855 2509 1031 2584 collocatur,
1053 2509 1111 2567 nisi
1131 2509 1267 2568 infinitivi
1291 2498 1490 2570 ‘subiectum'

288 2613 371 2671 idem
395 2599 583 2670 ‘obiectum'
606 2611 688 2670 verbi
713 2598 878 2686 ‘regentis'
898 2611 946 2689 sit,
979 2612 1064 2688 quod
1090 2607 1247 2673 vocaturl.
1291 2611 1401 2689 Itaque
1428 2630 1483 2688 pro

289 2706 454 2774 ἀπολέσθω
488 2731 549 2770 una
578 2711 731 2770 exstincta
758 2711 887 2769 litterula
914 2711 1023 2770 rectius
1050 2707 1189 2772 ἀπολέσαι
1217 2712 1407 2771 exorabimus
1434 2708 1483 2790 (cf.

291 2811 446 2893 δεηθεῖσαν
467 2810 517 2872 καὶ
538 2808 632 2890 αὐτὴν
653 2806 760 2890 ἀρνιθα
781 2809 903 2890 πωῆσω
925 2830 952 2873 v.
965 2811 1004 2885 8).
1041 2812 1179 2871 Alterum
1200 2814 1347 2871 mendum
1368 2821 1484 2889 pertur-

291 2917 366 2974 bata
387 2914 583 2974 distinctione
604 2913 722 2972 illatum
747 2922 804 2991 est,
826 2916 913 2991 quod
935 2914 987 2989 qui
1008 2931 1070 2972 uno
1092 2921 1199 2971 tenore
1224 2915 1315 2972 verba
1337 2914 1418 2990 leget
1440 2916 1484 2975 al·

291 3019 353 3078 lata
383 3018 431 3076 vel
458 3017 569 3076 invitus
601 3024 636 3075 ut
668 3016 783 3094 opinor,
808 3017 953 3092 corriget;
986 3034 1058 3074 nam
1086 3023 1140 3074 aut
1161 3015 1285 3091 egregie
1308 3014 1403 3086 fallor,
1434 3024 1487 3074 aut
1595 3063 1602 3082 .

290 3120 334 3177 ita
360 3117 480 3195 scripsit
501 3117 687 3178 Antoninus:
723 3109 873 3196 δεηθέντος
898 3112 931 3174 δ’.
947 3101 1130 3187 ’Λπόλλωνος
1153 3111 1200 3193 μὴ
1230 3109 1319 3174 αὐτὸν
1348 3110 1486 3176 ἀπολέσαι

291 3213 490 3296 πανώλεθρον,
517 3213 580 3277 ἐπεὶ
611 3219 750 3296 περισσῶς
776 3212 865 3276 αὐτὸν
891 3211 986 3294 ἐτίμα,
1014 3219 1095 3276 τοῦτο
1120 3212 1177 3292 μὲν
1195 3211 1360 3282 Ἀπόλλωνι
1388 3213 1486 3276 δίδωσι

291 3315 379 3392 Ζεύς·
401 3315 500 3379 ἐλθὼν
513 3315 547 3378 ’θ’
571 3316 612 3390 εἰς
631 3317 688 3380 κτλ.
733 3317 804 3391 Qua
835 3318 1005 3377 mutatione
1032 3313 1109 3390 Ζεές
1137 3336 1208 3378 eum
1234 3318 1354 3377 obtinet
1385 3320 1487 3377 locum

292 3440 383 3499 quem
412 3421 550 3480 obtinere
579 3427 820 3480 consentaneum
847 3428 903 3496 est,
939 3419 1023 3478 cedit
1050 3437 1088 3476 ex
1110 3420 1161 3479 illo
1183 3438 1245 3495 quo
1267 3419 1487 3496 permolestum

291 3531 345 3582 est.
389 3523 484 3581 Simili
515 3530 619 3580 autem
643 3522 738 3580 modo
767 3523 808 3580 ad
835 3520 927 3579 finem
951 3521 1123 3580 sententiae
1153 3520 1324 3579 subiectum
1352 3520 1486 3596 positum

291 3633 338 3684 est
359 3643 389 3700 p.
411 3640 480 3698 232,
502 3639 538 3682 22
558 3642 603 3700 sq.
630 3619 693 3682 ἐπεὶ
721 3618 747 3681 δ’
774 3617 864 3701 αάιὴν
889 3617 1036 3700 ἐξήλασαν
1056 3617 1158 3698 ἀνδρες
1176 3616 1320 3697 βουκόλοι,
1354 3615 1430 3692 ὅπως
1450 3615 1486 3681 ἀν

291 3721 388 3797 αὐτοῖς
407 3719 435 3784 οἱ
456 3713 525 3801 βόες
542 3720 575 3784 έκ
596 3727 647 3802 τῆς
666 3718 771 3802 κρήνης
790 3717 900 3796 πίωσιν,
923 3717 1128 3782 ἀπαλλάττεται
1148 3719 1345 3783 καταλιποὶσα
1362 3720 1411 3801 τὴν
1419 3719 1486 3781 Me-
1533 3765 1536 3772 .

292 3822 370 3904 λέπην
393 3819 413 3903 ἦ
434 3815 532 3904 Λητώ.

195 3928 274 3993 fab7
393 3925 482 3986 Nulla
502 3927 590 4003 peius
613 3944 706 4003 quam
727 3926 787 3987 fab.
811 3942 827 4002 7
850 3936 985 3987 aetatem
1008 3928 1088 3986 tulit:
1116 3936 1162 3985 tot
1183 3926 1343 3986 cuiuslibet
1369 3927 1487 4002 generis

297 4028 515 4087 additamentis
531 4036 563 4086 et
584 4028 773 4087 emblematis
795 4028 943 4105 abundat,
967 4046 1046 4106 quae
1068 4045 1123 4103 pro
1146 4028 1219 4086 virili
1238 4035 1326 4104 parte
1341 4028 1488 4101 detegere

297 4138 328 4188 et
355 4129 501 4188 radicitus
533 4129 641 4188 tollere
670 4129 869 4190 studebimus.
913 4131 1014 4207 Atque
1042 4129 1161 4188 levioris
1188 4129 1313 4205 quidem
1343 4129 1489 4187 momenti

393 4365 405 4403 ¹
422 4387 448 4438 p.
465 4382 525 4432 222,
542 4383 573 4434 19
592 4374 719 4441 φαίνετω
737 4372 810 4437 quod
828 4371 950 4440 legimus,
968 4371 997 4421 in
1014 4371 1074 4423 loco
1095 4371 1184 4439 spurio
1203 4369 1308 4436 legitur,
1329 4372 1362 4422 de
1381 4387 1433 4436 quo
1451 4369 1489 4419 in·

293 4459 333 4510 fra
351 4475 434 4524 agam.

392 4544 404 4582 λ
423 4549 462 4601 Cf.
480 4549 610 4600 Kuehner
629 4549 734 4600 Griech.
754 4550 866 4600 Gramm.
887 4545 931 4599 Π2
948 4545 1036 4618 §473,
1049 4561 1073 4612 2,
1089 4562 1114 4611 4.
