3490 5286
792 327 999 390 ..521

298 499 446 562 stabilitur
457 493 477 572 ¹,
500 497 648 576 omittam,
678 499 710 559 in
731 508 858 575 utraque
879 499 1045 572 historiola,
1076 498 1127 575 qui
1150 499 1205 558 fuit
1228 499 1304 558 Boei
1326 518 1402 572 mos,
1427 518 1490 560 non

296 605 391 662 modo
406 602 579 680 principalis
603 603 643 660 de
666 619 727 678 quo
750 601 848 676 agitur
864 600 967 669 homo,
990 601 1047 658 sed
1070 609 1135 658 tota
1151 599 1261 660 familia
1283 602 1313 660 in
1337 619 1409 660 aves
1426 621 1491 661 nru-

297 714 361 764 tata
384 700 523 765 dicitur2.

394 806 459 864 Iam
492 805 579 863 nobis
610 821 659 863 res
689 813 737 863 est
769 822 838 862 cum
866 805 975 862 ceteris
1008 803 1116 863 fabulis
1144 792 1308 875 ἀδεσπότοις
1336 820 1385 879 34,
1414 799 1491 878 36⁸3

296 922 353 982 37,
386 921 442 984 40,
479 921 535 979 41,
581 923 656 982 quas
687 905 821 971 omnium
860 905 1082 981 propemodum
1120 913 1270 963 extremas
1306 923 1368 963 non
1405 907 1490 981 quod
1589 902 1591 909 ’

296 1009 396 1067 fontes
428 1007 648 1068 reconditiores
680 1006 843 1065 scholiasta
870 1006 1018 1065 difficilius
1052 1015 1179 1079 erueret,
1211 1008 1268 1064 sed
1295 1014 1419 1083 propter
1444 1007 1489 1083 pi·

294 1101 414 1186 gritiam
436 1109 511 1184 eiuS,
539 1109 651 1185 quippe
679 1107 731 1184 qui
762 1109 804 1165 ad
836 1107 926 1166 finem
951 1108 1110 1182 languerit,
1140 1107 1319 1167 testimoniis
1353 1127 1415 1166 non
1447 1108 1490 1166 in-

295 1219 425 1270 structas
459 1228 526 1268 esse
559 1205 651 1268 nemo
684 1227 747 1268 non
776 1205 968 1268 concludetf.
1014 1209 1098 1282 Quid
1125 1226 1196 1267 vero
1230 1210 1255 1268 si
1287 1210 1407 1268 indoles
1438 1227 1490 1270 ea·

294 1332 358 1371 rum
384 1312 590 1371 narrationum
618 1320 650 1368 et
676 1320 786 1370 natura
813 1309 958 1368 Nicandri
980 1311 1111 1386 prodere
1136 1329 1260 1368 manum
1287 1311 1489 1368 demonstrari

294 1410 417 1492 potest?
462 1411 543 1484 Quid
570 1413 601 1470 in
631 1411 808 1487 fragmentis
836 1410 1016 1469 Nicandreis
1044 1411 1069 1468 si
1097 1411 1267 1470 fabularum
1295 1426 1344 1486 24,
1371 1410 1420 1485 36,
1448 1429 1484 1486 41

295 1523 421 1575 exstant
450 1509 597 1590 vestigia?
640 1513 681 1572 Et
708 1521 830 1572 exstant
860 1513 998 1590 quamvis
1027 1511 1142 1570 infirma
1172 1520 1205 1572 et
1232 1513 1351 1588 pusilla,
1386 1522 1489 1574 tamen

294 1617 379 1676 haud
401 1616 628 1675 contemnenda
657 1633 712 1690 pro
739 1615 982 1673 testimoniorum
1013 1614 1148 1690 penuria.
1192 1613 1341 1673 Fabulam
1363 1631 1403 1690 34
1426 1615 1487 1674 An·

294 1721 416 1779 toninus
438 1721 479 1778 de
505 1718 631 1795 Smyrna
656 1717 782 1793 eiusque
805 1716 865 1774 filio
893 1717 1036 1776 Adonide
1057 1715 1162 1773 refert:
1192 1733 1210 1772 a
1236 1715 1390 1774 Nicandro
1418 1735 1488 1774 con·

293 1830 356 1881 stat
388 1823 429 1880 de
451 1821 597 1878 Adonide
631 1836 700 1878 esse
733 1826 888 1877 narratum
897 1815 917 1878 ⁵.
964 1816 1076 1875 Nonne
1109 1819 1149 1875 de
1177 1816 1323 1892 Smyrnae
1355 1818 1488 1876 scelesto

293 1941 397 1981 amore
417 1930 449 1980 et
464 1921 703 1996 metamorphosi
719 1922 886 1978 decantata
903 1919 1049 1978 cecinisse
1066 1919 1199 1978 eundem
1214 1917 1310 1994 quivis
1326 1915 1488 1996 colligetl?

292 2024 453 2100 Byblidem
483 2032 566 2082 certe
592 2019 643 2096 (cf.
665 2021 724 2084 fab.
748 2017 803 2098 30)
834 2023 973 2081 secundo
999 2021 1262 2080 heteroeumenon
1293 2020 1368 2079 libro
1394 2021 1487 2080 versi·

291 2125 348 2182 bus
376 2125 549 2185 celebravit.
594 2123 732 2182 Fabulae
754 2121 793 2198 36
825 2131 1038 2198 argumentum
1066 2124 1107 2182 ad
1140 2122 1304 2198 nympham
1334 2141 1415 2199 quae
1437 2122 1486 2180 Io·

291 2245 357 2285 vern
383 2225 543 2285 nutriverit
566 2232 687 2301 spectat
697 2220 719 2301 ⁷,
742 2223 853 2284 scimus
876 2241 948 2282 vero
970 2223 1093 2282 aliunde
1116 2224 1156 2280 de
1172 2224 1282 2281 eadem
1304 2223 1355 2282 dei
1377 2227 1486 2284 summi

290 2329 409 2386 nutrice
439 2326 626 2387 Nicandrum
659 2326 751 2384 verba
785 2325 894 2384 fecisse
903 2321 923 2382 ⁸.
967 2323 1110 2401 Denique
1140 2333 1308 2384 extremam
1339 2326 1486 2384 Antonini

292 2461 492 2470 -ιμ--ο--ω--ι

288 2559 314 2610 p.
330 2543 392 2602 206,
410 2553 425 2590 2
429 2552 443 2606 5
463 2557 501 2608 sq.
521 2534 648 2610 Περίφας
658 2579 664 2592 .
676 2579 681 2592 .
695 2537 869 2604 ,ἐβασίλευσε
880 2579 886 2592 .
898 2579 905 2591 .
917 2539 977 2591 ,καὶ
995 2538 1103 2607 ἐγένετο
1114 2538 1218 2598 δίκαιος
1235 2542 1280 2592 καὶ
1293 2534 1422 2600 πλούσιος
1440 2543 1485 2594 καὶ

288 2623 365 2687 ὅσιος
395 2630 440 2680 καὶ
468 2625 527 2696 ἱερὰ
551 2629 665 2680 πλεῖστα
691 2625 821 2692 ἐποίησεν
844 2621 993 2680 Ἀπόλλωνι.
1019 2629 1072 2680 κτλ.
1102 2634 1127 2678 et
1155 2645 1181 2695 p.
1201 2641 1261 2694 205,
1284 2643 1315 2694 19
1336 2647 1375 2698 sq.
1403 2627 1487 2699 Ἱέραξ

289 2715 571 2786 &infandissime
595 2711 663 2785 ἀνὴρ
691 2718 736 2767 καὶ
755 2711 900 2785 ἐπιφανής.
937 2708 1014 2774 οὗτος
1030 2713 1091 2786 ἱερὰ
1110 2711 1254 2786 Δήμητρος
1271 2711 1401 2787 ἱδρύσατο
1429 2721 1484 2772 κτλ.

289 2814 315 2857 et
342 2824 368 2873 p.
389 2817 449 2868 219,
472 2807 504 2856 16
530 2808 593 2874 περὶ
612 2804 763 2869 Βαβυλῶνα
782 2795 888 2872 ᾤκησεν
914 2797 982 2874 ἀνὴρ
1008 2801 1139 2875 θεοφιλὴς
1167 2806 1212 2857 καὶ
1230 2799 1366 2868 πλούσιος,
1394 2799 1484 2877 ὄνομα

289 2895 406 2954 Istriae
424 2893 457 2946 cf.
478 2895 555 2944 etiam
574 2911 599 2960 p.
619 2905 678 2959 215,
700 2905 730 2942 12
752 2900 778 2942 et
794 2910 820 2959 p.
841 2904 901 2958 205,
921 2905 963 2959 25,
983 2893 1040 2946 alia.
1069 2894 1157 2944 Aliter
1175 2909 1235 2945 sese
1253 2895 1353 2946 habent
1372 2897 1485 2963 repetiti·
1575 2909 1577 2914 ·

287 2999 353 3033 ones
371 2983 405 3033 de
424 2983 519 3050 quibus
537 3000 564 3049 p.
583 2993 618 3046 37
639 2982 700 3034 diss.
721 2969 759 3048 sq.
779 2982 897 3036 diximus.

388 3067 399 3106 ¹
419 3071 504 3137 Quare
523 3070 641 3120 fabulam
662 3080 675 3134 5
696 3070 778 3136 primo
798 3069 998 3134 ornithogoniae
1017 3071 1131 3122 attribuo
1151 3071 1228 3126 libro.

387 3155 399 3195 2
419 3161 499 3211 Cuius
519 3160 553 3210 de
573 3159 674 3222 origine
693 3159 768 3209 aliter
787 3159 866 3209 sentit
882 3158 1027 3208 Schneider
1045 3159 1063 3212 l.
1081 3160 1098 3212 l.
1118 3177 1143 3226 p.
1164 3161 1198 3211 66
1218 3160 1266 3225 frg.
1286 3163 1328 3215 61.

387 3245 398 3282 ³
417 3249 456 3301 Cf.
477 3249 549 3300 sabb.
571 3258 594 3312 5,
614 3260 639 3314 7,
660 3260 700 3307 11,
723 3260 763 3313 15,
783 3258 826 3314 2ο,
846 3259 892 3305 2ι;
913 3247 946 3297 de
964 3247 1098 3298 Nicandro
1117 3265 1169 3300 non
1188 3250 1259 3300 idem
1278 3250 1353 3303 statui
1371 3250 1443 3304 licet.

386 3333 458 3388 41)ε
478 3336 636 3404 compendio
655 3316 672 3388 d
689 3336 783 3386 iterum
802 3335 892 3399 relego
912 3335 945 3385 ad
964 3352 989 3402 p.
1008 3349 1042 3401 47
1063 3337 1124 3389 diss.
1145 3354 1203 3390 ann.
1223 3351 1247 3402 3.

385 3423 507 3477 ⁵Schol.
526 3424 655 3477 Theocrit.
676 3427 712 3492 V,
723 3437 756 3488 92
775 3419 824 3489 τὴν
841 3417 986 3492 ἀνεμώνην
1005 3418 1161 3493 Νίκανδρός
1179 3441 1267 3497 φησιν
1285 3425 1316 3478 ἐκ
1335 3425 1383 3477 τοῦ
1403 3421 1485 3481 Arioi·

286 3513 361 3572 vidos
377 3516 493 3583 αἵματος
510 3512 620 3583 φυῆναι.

385 3599 396 3636 ⁶
417 3603 486 3653 Nam
504 3617 594 3668 parurn
617 3603 697 3652 refert
719 3603 746 3652 in
774 3617 826 3668 quo
852 3601 963 3652 offendit
985 3602 1132 3654 Schneider
1154 3602 1173 3654 l.
1191 3602 1209 3654 l.
1230 3619 1255 3669 p.
1275 3603 1318 3666 69,
1345 3604 1379 3654 ab
1399 3605 1483 3662 Anto·

285 3691 347 3742 nino
376 3691 440 3742 nihil
470 3693 504 3742 de
532 3691 738 3757 metamorphosi
768 3691 902 3742 Adonidis
931 3691 990 3744 dici.
1028 3692 1061 3742 Id
1091 3691 1163 3757 qnod
1188 3692 1366 3758 compilatoris
1394 3695 1483 3757 negle-

286 3779 387 3842 gentiae
416 3781 584 3831 tribuendum
608 3787 656 3839 est,
685 3779 728 3844 qui
753 3779 859 3829 strictim
885 3780 990 3830 omnino
1010 3787 1055 3830 aut
1072 3780 1167 3846 raptim
1188 3780 1222 3830 de
1243 3780 1369 3831 Adonide
1388 3781 1483 3832 famam

284 3875 387 3931 tangat;
408 3868 479 3918 aliud
499 3869 567 3919 eninr
587 3867 651 3918 nibil
663 3867 803 3918 memoriae
822 3869 911 3934 prodit
929 3886 954 3936 p.
977 3880 1083 3932 232,15
1103 3883 1181 3935 quam
1201 3864 1231 3920 τὸ
1252 3866 1283 3920 δὲ
1302 3871 1406 3938 βρέφος
1416 3865 1484 3926 Διὸς

284 3956 367 4028 βουλῇ
386 3952 560 4028 τρεφόμενον
580 3949 731 4024 ὠνόμασαν
749 3949 869 4010 ’Ἀδωντν
887 3959 932 4009 καὶ
951 3950 1034 4011 αὺτὸν
1044 3952 1187 4027 Ἀφροδίτη
1206 3957 1335 4009 πλεῖστον
1353 3949 1482 4024 ἠγάπησε

285 4040 330 4094 διὰ
349 4040 379 4096 τὸ
399 4039 504 4104 κάλλος.
541 4045 657 4112 Sapienti
676 4051 723 4098 sat.
761 4045 883 4096 Ceterum
910 4047 944 4097 de
964 4047 1075 4114 Smyrna
1094 4062 1158 4112 quae
1175 4045 1296 4110 legimus,
1313 4045 1346 4096 ab
1366 4046 1481 4096 omnium

284 4149 350 4199 qnos
377 4133 456 4184 sciam
485 4140 647 4185 vetustorum
667 4135 821 4202 scriptorum
844 4136 950 4186 fabellis
976 4135 1038 4186 satis
1058 4135 1193 4188 dissident.
1231 4135 1354 4186 Proxime
1382 4137 1482 4187 accedit

283 4223 408 4289 Panyasis
428 4223 498 4289 apud
518 4223 715 4290 Apollodorum
734 4226 784 4286 ΠΙ,
807 4238 847 4306 14,
865 4238 890 4287 4.
929 4223 969 4278 Cf.
989 4225 1098 4292 Hauptii
1127 4225 1160 4275 ad
1181 4223 1268 4276 Ovidii
1293 4232 1352 4278 met.
1371 4225 1409 4286 X,
1428 4225 1479 4289 298

284 4318 310 4361 et
330 4323 379 4377 503
399 4311 587 4364 annotationes.

382 4394 438 4466 ip.
459 4411 521 4464 233,
541 4414 556 4464 4
577 4417 615 4467 sq.
637 4397 934 4470 Ῥέα...κατε’κρνψεν
961 4399 992 4454 ἐν
1017 4401 1055 4470 τῷ
1073 4400 1211 4472 κευθμῶνι
1239 4399 1285 4468 τῆς
1300 4396 1405 4472 Κρήτης
1431 4399 1481 4455 τὸν

283 4489 347 4546 Δία,
366 4479 425 4537 τότε
444 4481 527 4539 αὐτὸν
546 4487 691 4558 ἐξέτρεψεν
707 4487 761 4547 Αἲξ
778 4487 867 4557 (immo
887 4487 948 4554 Ate)
968 4483 1065 4560 νύμφη
1085 4485 1220 4559 ὀρέγουσα
1238 4492 1294 4544 κτλ.

381 4571 500 4629 8Schol.
520 4577 597 4626 Arati
615 4593 640 4630 v.
661 4577 706 4626 161
728 4574 811 4646 (apud
828 4577 1019 4630 Schneiderum
1048 4579 1097 4642 frg.
1121 4591 1170 4646 114
1188 4579 1302 4631 incertae
1321 4578 1404 4649 sedis)
1430 4575 1480 4647 τὴν
