3490 5286
426 956 443 981 ‚,
513 929 547 988 17
611 912 766 970 Nicander
1005 953 1023 978 „
1088 926 1126 968 22
1190 911 1344 970 Nicander

274 1033 320 1089 An
343 1033 430 1089 aliter
445 1031 670 1106 explicabimus,
688 1031 773 1105 quod
794 1031 881 1105 quasi
903 1029 969 1104 ipse
987 1047 1005 1087 a
1020 1047 1079 1105 qna
1101 1030 1207 1088 nescio
1222 1033 1323 1088 vetula
1344 1049 1467 1107 compe-

270 1135 340 1191 rerit
366 1127 521 1190 fabulam¹
542 1149 622 1189 neve
643 1133 710 1207 ipse
738 1131 877 1188 omnibus
901 1129 1069 1206 adiungere
1092 1131 1184 1188 fidem
1207 1117 1351 1191 credatur
1362 1129 1382 1202 ²,
1405 1151 1468 1192 cre·

270 1235 351 1292 brius
367 1235 488 1292 addidit
501 1233 719 1312 μυθολογοῦσιν
731 1234 814 1291 istud
830 1227 872 1311 (p.
887 1247 954 1306 204,
966 1232 985 1290 6
992 1249 999 1302 ;
1026 1233 1093 1302 218,
1108 1247 1161 1305 253
1186 1249 1255 1309 219,
1271 1250 1304 1308 ²3
1331 1249 1400 1308 229,
1418 1232 1467 1310 ιο)

269 1338 315 1393 vel
339 1333 429 1413 φασῖν
451 1330 492 1412 (p.
509 1351 577 1408 203,
594 1331 644 1411 16)
667 1336 715 1393 vel
738 1329 846 1414 λέγεται
873 1329 915 1411 (ρ.
934 1335 1003 1408 218,
1022 1333 1073 1408 25)
1086 1331 1117 1391 ³?

354 1435 443 1507 Quae
468 1455 536 1494 curn
560 1437 603 1494 ita
625 1437 695 1505 sint,
718 1435 887 1494 fabularum
909 1435 998 1492 unius
1030 1443 1062 1492 et
1077 1435 1280 1511 quadraginta
1301 1453 1377 1511 quas
1405 1437 1467 1492 An·

271 1539 393 1596 toninus
416 1537 539 1613 scripsit,
555 1537 677 1613 triginta
700 1538 778 1595 duas
802 1537 889 1594 Boeo
912 1545 944 1594 et
958 1536 1114 1594 Nicandro
1137 1538 1337 1597 vindicamus,
1383 1537 1467 1609 Quid

272 1641 416 1698 faciemus
444 1639 552 1696 ceteris
580 1634 711 1696 novem?
759 1638 872 1696 Earum
900 1639 942 1696 ad
968 1640 1047 1695 duas
1080 1639 1130 1695 alii
1157 1647 1301 1696 auctores
1329 1641 1468 1697 annotati

272 1751 349 1812 sunt,
364 1742 500 1817 reliquae
515 1741 599 1798 omni
615 1748 719 1798 carent
738 1727 912 1798 testimonio
921 1739 943 1799 ⁴.
986 1741 1089 1814 Atque
1110 1748 1143 1797 ut
1164 1739 1261 1815 primo
1281 1738 1336 1798 has
1357 1741 1466 1815 quibus

270 1845 368 1901 nullus
401 1843 489 1901 testis
512 1843 660 1916 ascriptus
693 1849 749 1916 est,
783 1841 953 1899 historiolas
977 1843 1136 1913 adeamus,
1167 1843 1286 1900 duabus
1318 1842 1403 1915 origo
1437 1841 1468 1898 ni

271 1945 367 2012 fallor,
390 1944 421 2000 in
444 1943 544 2001 fronte
567 1941 713 2018 inscripta
736 1950 793 2002 est.
838 1942 989 2000 Videlicet
1012 1941 1133 1999 fabulae
1157 1940 1175 1998 ὁ
1199 1949 1231 1999 et
1258 1959 1294 2015 14
1316 1942 1360 1999 ita
1382 1959 1465 1998 corn-

272 2057 398 2120 paratae
422 2051 502 2120 sunt,
536 2052 570 2100 ut
598 2043 657 2100 iarn
681 2044 730 2100 alii
763 2059 814 2100 eas
839 2043 923 2100 Boeo
945 2039 1165 2103 attribuerint
1211 2043 1250 2101 Et
1273 2043 1358 2118 plura
1379 2043 1467 2100 istam

273 2144 477 2220 suspicionem
500 2144 688 2204 confirmant.
732 2143 865 2202 Primum
889 2144 1029 2201 universa
1056 2144 1174 2202 indoles
1201 2144 1322 2202 habitus
1350 2146 1468 2219 species

272 2247 449 2314 tabularum,
483 2264 561 2322 quae
597 2247 675 2305 sicut
698 2254 821 2304 ceterae
844 2245 921 2303 Boei
948 2263 1026 2321 quas
1048 2246 1220 2304 Antoninus
1243 2244 1383 2313 servavit,
1409 2246 1468 2302 situ

272 2348 408 2422 quodam
431 2349 620 2425 antiquitatis
647 2357 679 2406 et
701 2347 838 2422 rubigine
862 2348 1017 2405 obductae
1040 2365 1109 2404 esse
1132 2348 1300 2406 videantur.
1345 2347 1467 2422 Simpli-

272 2449 364 2507 citate
393 2450 472 2508 enirn
500 2459 531 2508 et
558 2468 698 2508 mensura
726 2469 744 2507 a
766 2449 946 2507 Nicandreis
973 2449 1070 2507 multo
1093 2449 1282 2524 longioribus
1308 2449 1467 2522 magisque

229 2553 231 2558 ’
271 2552 420 2626 perplexis
442 2560 473 2609 et
489 2551 625 2609 dilatatis
643 2552 733 2609 valde
749 2551 902 2612 differunt.
947 2551 1026 2609 Turn
1050 2551 1142 2611 etiam
1158 2550 1234 2608 Boei
1249 2550 1467 2625 proprietatem

270 2653 301 2708 in
335 2653 391 2708 illis
417 2652 506 2711 facile
529 2669 692 2727 agnoscas,
737 2652 829 2710 Velut
861 2653 947 2729 quod
974 2651 1127 2727 proprium
1160 2650 1215 2708 suit
1233 2651 1467 2725 ornithogoniae

271 2752 388 2810 auctori
414 2771 486 2810 aves
515 2771 552 2809 ex
576 2753 747 2811 hominibus
770 2771 938 2812 conversae
966 2771 1046 2829 quae
1069 2745 1161 2810 αἴσιοι
1183 2748 1312 2810 luerint6
1333 2769 1468 2820 monere,

270 2853 302 2910 id
335 2854 366 2910 in
398 2853 500 2912 fabula
534 2863 622 2912 sexta
653 2874 682 2930 p.
708 2869 777 2930 207,
804 2872 841 2928 14
876 2855 1053 2914 invenimus.
1098 2855 1319 2928 Argumentum
1352 2853 1467 2910 deinde

271 2954 357 3012 huius
380 2956 420 3012 de
440 2953 626 3029 Periphante
650 2955 771 3014 fabulae
794 2957 868 3014 satis
893 2956 989 3014 simile
1019 2965 1067 3013 est
1087 2954 1273 3030 argumentis
1297 2953 1465 3011 fabularum

272 3070 300 3127 3,
326 3069 371 3128 15,
397 3071 436 3110 20
464 3075 482 3112 e
505 3055 589 3114 Boeo
616 3066 803 3132 sumptarum
826 3055 912 3135 (quin
939 3058 1032 3115 etiam
1064 3057 1229 3114 nonnullae
1255 3057 1386 3114 redeunt
1425 3055 1468 3111 lo·

272 3156 407 3214 curiones
414 3151 448 3230 ⁷),
472 3157 605 3232 denique
626 3167 659 3215 ut
676 3158 868 3217 collationem
886 3157 1057 3216 fabularum
1073 3175 1135 3233 qua
1151 3158 1274 3234 egregie
1290 3156 1466 3216 coniectura

369 3427 380 3466 ¹
399 3432 502 3482 Eodem
520 3431 627 3482 artificio
645 3433 801 3484 Pausaniam
819 3434 939 3500 aliosque
957 3435 1097 3500 scriptores
1115 3448 1179 3482 usos
1198 3447 1259 3482 esse
1277 3431 1338 3482 satis
1358 3438 1468 3482 constat.

370 3515 383 3552 2
400 3521 526 3571 Fortasse
543 3521 594 3570 iarn
613 3528 708 3586 poetae
727 3521 902 3572 Alexandrini
924 3539 990 3588 quos
1007 3522 1160 3572 Antoninus
1178 3520 1336 3585 compilavit,
1355 3521 1390 3572 ita
1409 3536 1468 3582 ege-

271 3612 344 3672 rant;
363 3607 394 3659 cs.
413 3609 500 3658 Riesii
519 3611 551 3659 ad
573 3609 669 3676 Catulli
688 3626 764 3662 carm.
784 3612 878 3662 LXIV
897 3629 923 3664 v.
943 3624 957 3660 2
978 3610 1195 3661 annotationem

371 3691 551 3747 ΒΜοιτιοῐιιῐιι
569 3698 676 3760 dignum
697 3706 737 3748 est
764 3699 791 3748 in
819 3700 872 3752 sab.
895 3711 925 3761 19
950 3716 1003 3764 qua
1031 3700 1063 3749 de
1082 3699 1154 3748 Iovis
1174 3699 1258 3762 agitur
1276 3703 1343 3756 ortu,
1362 3699 1466 3765 λέγεται

271 3783 360 3844 semel,
379 3785 459 3850 paulo
478 3792 565 3836 autem
583 3795 644 3854 post
662 3786 851 3856 μυθολογοῦσι
870 3789 911 3837 bis
930 3789 1046 3854 positum
1067 3803 1132 3840 esse.

371 3869 440 3925 ⁴Cf.
459 3889 484 3939 p.
503 3886 536 3938 47
557 3873 620 3928 diss.
640 3891 699 3926 ann.
718 3887 743 3938 3.

369 3959 528 4012 ⁵Fabulam
550 3975 581 4026 14
608 3963 659 4014 iam
678 3963 801 4013 Kochius
826 3965 905 4030 praef.
932 3981 958 4032 p.
976 3967 1030 4015 XL
1052 3967 1127 4014 Boeo
1150 3963 1299 4024 vindicavit,
1327 3963 1398 4030 quod
1423 3979 1467 4014 ne·

270 4049 345 4099 scivit
355 4051 520 4112 Knaaclrius,
539 4066 598 4101 curn
616 4052 635 4103 l.
646 4051 664 4104 l.
684 4069 713 4118 p.
730 4065 762 4103 ro
782 4053 908 4104 scriberet
925 4050 980 4104 ‘his
998 4053 1047 4121 (sc.
1066 4053 1131 4104 Boei
1151 4053 1257 4121 sabulis)
1276 4053 1310 4102 de
1329 4067 1387 4102 mea
1406 4067 1467 4102 con-

270 4137 368 4188 iectura
385 4140 456 4190 addo
474 4140 592 4190 Munichi
612 4135 750 4201 tabulam?
771 4141 884 4192 fabulam
904 4145 920 4192 b
939 4143 1037 4208 primus
1056 4142 1129 4208 quod
1150 4143 1230 4192 sciam
1244 4141 1308 4192 Otto
1321 4140 1467 4190 Schneider

270 4227 329 4279 Nic.
348 4244 374 4293 p.
394 4241 437 4292 43.

372 4311 441 4370 ⁶Cf,
461 4317 533 4370 sabb.
556 4331 596 4387 11,
620 4330 659 4384 15,
682 4332 723 4382 19,
743 4332 788 4386 213
813 4319 990 4370 animadvertit
1007 4319 1058 4370 iam
1078 4318 1224 4370 Schneider
1241 4318 1260 4370 l.
1279 4317 1297 4369 l.
1332 4317 1467 4383 Nusquam

271 4419 333 4455 vero
353 4406 423 4472 apud
441 4407 602 4458 Nicandrum
621 4407 699 4457 huius
718 4407 756 4457 rei
775 4407 887 4458 habetur
905 4409 984 4474 ratio;
1004 4409 1173 4474 genealogiae
1196 4405 1337 4471 inquibus
1356 4405 1468 4454 offendit

271 4495 492 4546 Wilamowitzins
518 4495 564 4563 (cs.
584 4512 662 4562 supra
680 4513 707 4562 p.
726 4509 760 4561 49
780 4511 838 4547 ann.
859 4496 892 4561 8),
920 4496 1046 4562 imprimis
1065 4496 1199 4546 Nicandro
1221 4495 1366 4561 peculiares
1395 4501 1466 4559 sunt3

271 4584 304 4636 cs.
324 4584 396 4636 sabb.
415 4595 459 4646 30,
478 4595 521 4648 34,
542 4585 585 4648 38,
604 4597 638 4650 40
658 4585 728 4638 alias.

371 4668 382 4706 7
400 4673 526 4738 Periphas
544 4679 569 4723 et
583 4673 723 4724 Munichus
742 4674 836 4724 mirum
855 4691 932 4742 quarn
951 4674 1048 4725 similes
1067 4682 1128 4724 sunt
1140 4672 1259 4724 Hieracis
1278 4679 1302 4722 et
1320 4671 1414 4740 Clinis3
1434 4672 1466 4725 cf.
