3490 5286
759 352 1025 445 wir-⁷,

263 529 364 584 πασῶν
388 546 473 606 φησιν
499 524 588 586 αὐτὸν
609 521 780 606 ἁρπαγῆναι
802 523 926 610 νυμφῶν
948 519 975 610 [ὁ
997 523 1028 588 δὲ
1050 521 1245 599 Ἀπολλώνιος
1266 517 1324 586 ὑπὸ
1344 531 1413 604 μιᾶς
1423 524 1458 602 1].

265 625 447 704 Conspirant
470 629 559 706 igitur
591 629 771 688 scholiastae
799 630 830 686 in
858 630 958 705 operis
983 629 1148 688 Nicandrei
1177 630 1261 688 titulo
1292 637 1323 688 et
1349 630 1380 687 in
1403 625 1461 685 re2

264 724 350 804 (nam
371 730 466 787 etiam
487 729 660 788 Antoninus
682 748 713 805 p.
729 744 799 804 225,
819 746 855 806 rq
878 731 917 787 ab
941 731 1082 789 omnibus
1104 729 1241 807 nymphis
1263 729 1372 806 Hylam
1393 747 1459 805 rap-

264 837 326 887 tum
348 849 418 888 esse
440 825 594 909 narravit),
625 831 800 907 discrepant
827 832 858 889 in
885 831 951 889 libri
973 825 1192 908 ἓτεροιουμένων
1214 849 1349 890 numero.
1392 828 1460 888 Utri

263 932 407 990 maiorem
429 931 607 991 habebimus
629 928 744 992 iidem?
766 931 913 989 Antonini
928 932 1063 990 editores
1079 931 1180 991 adhuc
1191 931 1344 1009 Apollonii
1364 932 1459 990 secuti

263 1042 335 1091 sunt
361 1032 571 1094 scholiastam:
603 1033 707 1091 nescio
733 1051 773 1091 an
800 1033 984 1091 contrarium
1013 1035 1214 1092 statuendum
1239 1035 1285 1094 sit.
1330 1033 1392 1092 Sed
1419 1033 1459 1092 de

263 1132 309 1190 his
335 1133 425 1208 infra;
457 1152 540 1192 nunc
569 1135 696 1192 alterum
723 1134 966 1210 contemplemur
993 1135 1103 1205 locum,
1134 1137 1174 1193 de
1198 1154 1258 1211 quo
1280 1133 1458 1194 Knaackius

262 1236 279 1295 l.
302 1235 319 1294 l.
342 1251 410 1310 p.4
433 1253 498 1310 sqq.
521 1252 584 1293 non
606 1245 690 1294 recte
715 1243 749 1293 ut
772 1235 890 1310 opinor,
913 1233 1090 1312 disputavit.
1136 1236 1282 1295 Antonini
1303 1235 1459 1294 historiola

263 1335 392 1411 septima
413 1336 533 1394 decima
554 1338 594 1393 de
616 1335 698 1410 gruis
718 1337 957 1412 metamorphosi
979 1338 1154 1396 testimonio
1185 1339 1245 1397 hoc
1268 1347 1375 1396 ornata
1397 1344 1457 1396 est:

262 1429 369 1512 ἱστορεῖ
393 1433 481 1507 Βοῖος
509 1432 709 1515 ὀρνιθογονίας
735 1424 774 1513 β’.
817 1437 956 1496 Eandem
987 1437 1130 1497 fabellam
1156 1440 1296 1498 eiusdem
1324 1438 1458 1496 auctoris

262 1536 371 1594 addito
393 1537 516 1594 nornine
539 1537 717 1595 Athenaeus
739 1537 783 1595 IX
805 1556 834 1612 p.
852 1553 911 1613 393
922 1558 950 1605 e,
971 1540 1084 1598 omisso
1107 1541 1231 1599 nomine
1250 1541 1394 1598 Aelianus
1417 1540 1457 1595 de

262 1644 324 1695 nat.
347 1655 396 1697 an.
420 1637 486 1710 XV,
514 1653 553 1712 29
577 1638 776 1714 protulerunt.
812 1639 989 1699 Muliercula
1012 1659 1082 1698 vero
1105 1641 1259 1717 Pygmaea
1281 1642 1322 1698 de
1345 1659 1404 1716 qua
1426 1640 1458 1696 in

263 1737 364 1796 fabula
390 1738 525 1809 refertur,
553 1739 708 1797 Antonino
736 1739 847 1798 Oenoa
868 1742 963 1818 audit,
993 1741 1155 1800 Athenaeo
1186 1751 1217 1800 et
1240 1743 1369 1800 Aeliano
1395 1741 1458 1798 Ge·

261 1857 344 1898 rana.
378 1837 543 1911 Quaeritur
565 1857 647 1914 ergo,
672 1849 772 1897 utrum
792 1859 906 1898 nomen
928 1841 1029 1900 Boeus
1053 1844 1246 1918 usurpaverit.
1282 1842 1457 1901 Knaackius

262 1942 305 1998 ita
328 1951 557 2014 argumentatus
580 1951 642 2001 est:
665 1938 854 2004 ‘Athenaeus
878 1947 1032 2003 Geranam
1053 1946 1166 2004 diserte
1189 1963 1226 2002 ex
1250 1945 1335 2002 Boeo
1360 1943 1457 2014 affert,

261 2042 459 2116 interpolator
480 2044 628 2102 Antonini
650 2045 747 2103 solum
770 2055 899 2105 testatur
919 2047 1012 2104 fuisse
1035 2046 1168 2105 fabulam
1190 2046 1377 2103 insecundo
1400 2043 1456 2102 Or·

261 2141 461 2217 nithogoniae
483 2144 568 2203 libro,
603 2155 744 2221 apertum
765 2155 813 2205 est
835 2147 930 2206 virum
950 2148 1086 2225 doctum,
1110 2165 1179 2205 curn
1192 2146 1339 2204 Antonini
1364 2152 1458 2220 caput

263 2243 389 2318 legeret,
413 2262 451 2302 ex
474 2245 579 2304 nescio
601 2264 663 2322 quo
679 2247 754 2306 libro
770 2248 800 2305 in
817 2249 954 2324 margine
970 2250 1145 2321 adnotasse,
1162 2248 1244 2306 unde
1260 2247 1314 2306 sibi
1329 2246 1457 2320 scriptor

263 2345 402 2403 hausisse
425 2345 587 2418 videretur,
609 2365 747 2406 securum
770 2350 811 2405 de
834 2367 906 2407 vero
928 2350 1051 2407 nomine
1071 2349 1153 2423 apud
1176 2356 1301 2424 poetam
1322 2346 1421 2420 ipsum
1434 2340 1455 2401 3.

262 2491 270 2506 .
284 2490 291 2506 .
304 2494 310 2507 .
324 2453 386 2504 stat
401 2447 491 2522 igitur
504 2449 711 2524 gravissimum
722 2450 872 2508 Athenaei
889 2445 1106 2508 testimonium’
1131 2469 1157 2511 e.
1170 2468 1197 2525 q.
1211 2468 1236 2510 s.
1267 2447 1456 2520 Quibuscum

262 2547 431 2622 coniungas
454 2566 533 2624 quae
554 2549 638 2606 idem
660 2558 752 2608 antea
774 2551 864 2608 dixit:
892 2545 1005 2610 ‘Vides
1027 2552 1083 2609 has
1105 2559 1166 2610 tres
1188 2547 1243 2628 (sc.
1266 2549 1456 2607 narrationes

263 2649 426 2726 Athenaei,
448 2650 575 2724 Aeliani,
600 2650 760 2728 Antonini)
784 2653 827 2710 ita
850 2670 918 2711 esse
941 2660 1142 2731 comparatas
1165 2662 1199 2711 ut
1219 2649 1395 2709 necessario
1418 2669 1456 2707 ex

263 2753 415 2810 communi
450 2753 536 2811 sonte
567 2753 715 2814 fluxerint.
756 2756 840 2830 quod
873 2755 1017 2830 imprimis
1051 2756 1091 2812 de
1118 2755 1247 2812 Aeliano
1277 2752 1456 2829 ceteroquin

262 2854 419 2912 notissimo
450 2855 600 2914 Athenaei
626 2856 825 2932 compilatore
848 2853 885 2934 (?)
908 2875 1029 2917 moneo.
1067 2858 1118 2933 qui
1141 2855 1210 2914 sons
1232 2857 1331 2931 qualis
1355 2854 1454 2924 fuerit,

264 2954 376 3014 altioris
404 2965 452 3014 est
477 2954 643 3034 indaginis'
673 2977 700 3016 e.
724 2975 752 3033 q.
777 2977 799 3017 s.
844 2959 996 3033 Equidem
1018 2961 1058 3017 de
1082 2958 1234 3016 Athenaei
1256 2953 1456 3016 testimoni04

261 3056 350 3130 plane
372 3058 459 3115 aliter
480 3060 578 3116 sentio
603 3077 703 3137 neque
724 3059 811 3118 flocci
832 3059 865 3116 id
885 3059 975 3120 facio.
1017 3059 1164 3118 Nimirum
1186 3059 1263 3118 Boei
1284 3059 1452 3117 narratiun-

262 3158 330 3217 cula
357 3167 420 3217 tam
445 3160 537 3217 foede
567 3169 727 3220 contracta
748 3170 781 3220 et
802 3170 947 3237 excerpta
969 3161 1119 3220 invenitur
1142 3162 1226 3237 apud
1248 3161 1454 3238 Athenaeum,

261 3266 295 3316 ut
316 3278 335 3316 e
357 3261 560 3338 compilatoris
576 3262 736 3319 culusdam
752 3261 827 3318 libro
850 3262 949 3319 obiter
970 3261 1108 3338 inspecto
1124 3281 1194 3321 eam
1213 3270 1364 3337 arreptam
1388 3279 1454 3318 esse

261 3361 300 3417 ab
322 3360 382 3418 hoc
402 3360 596 3420 manifestum
621 3363 660 3420 sit
672 3359 692 3423 ⁵.
720 3363 805 3436 Quid
827 3365 911 3440 quod
936 3363 1066 3423 fabellae
1089 3371 1244 3421 extremae
1265 3362 1456 3438 agglutinata

362 3532 574 3588 lEruditionem
612 3537 683 3587 haud
711 3537 872 3589 mediocrem
908 3539 937 3588 in
962 3537 1067 3589 scholio
1095 3537 1338 3604 animadvertimus3
1367 3537 1455 3602 itaque

261 3623 435 3676 Schwartzius
446 3625 498 3691 l‘de
511 3627 640 3694 Dionysio
649 3625 881 3693 Scytobrachione'
893 3628 954 3680 diss.
968 3630 1054 3680 Bonn.
1071 3628 1138 3678 1880
1149 3644 1174 3694 p.
1185 3639 1216 3690 31
1232 3643 1290 3676 ann.
1305 3625 1330 3692 ι)
1341 3642 1389 3676 suo
1400 3627 1455 3675 iure

261 3715 518 3781 eScytobrachionis
541 3716 664 3767 thesauro
684 3717 805 3767 haustum
824 3733 881 3769 esse
902 3717 1046 3768 contendit.
1085 3718 1206 3768 Ceterum
1225 3716 1340 3766 diversas
1360 3714 1454 3779 aspicis

260 3818 352 3852 manus
366 3811 605 3858 commentatorum.
629 3807 706 3856 Unus
720 3805 742 3855 si
756 3805 904 3872 scripsisset
917 3805 1055 3871 scholium,
1068 3806 1230 3856 Nicandrum
1245 3812 1272 3855 et
1285 3803 1454 3854 Theocritum

259 3906 314 3940 non
332 3891 511 3943 disiunxisset.
530 3895 654 3944 Extrema
668 3901 753 3944 autem
766 3894 848 3943 verba
862 3895 967 3954 seclusi,
986 3895 1152 3946 manifestum
1171 3885 1240 3943 enirn
1260 3899 1300 3943 est
1318 3908 1349 3942 ea
1367 3907 1455 3942 recen·

260 3977 360 4030 tissime
372 3988 461 4031 assuta
471 3997 528 4032 esse
541 3989 657 4049 tempore
671 3983 704 4032 ad
716 3983 845 4046 genuinas
858 3991 1018 4034 vetustorum
1028 3984 1253 4048 grammaticorum
1263 3981 1453 4032 annotationes.

358 4063 412 4118 ξἘ
431 4069 535 4120 scholio
554 4072 711 4122 Theocriteo
731 4073 810 4132 XIII,
831 4085 847 4137 7
871 4079 960 4139 utpote
986 4080 1108 4139 corrupto
1128 4088 1219 4122 vereor
1245 4086 1279 4121 ne
1305 4070 1370 4121 nihil
1392 4085 1454 4120 con·

260 4153 367 4206 cludere
386 4157 473 4218 liceat,
498 4173 559 4210 vere
585 4161 607 4210 si
626 4161 738 4211 correxit
758 4160 986 4212 Hemsterhusius:
1013 4153 1192 4218 >inclinium
1213 4157 1229 4212 ὁ
1252 4153 1357 4217 Ῥόδιος
1381 4160 1454 4211 Θειο·

260 4233 406 4310 deportes,
424 4245 579 4314 Νίκανδρος
596 4245 628 4299 δὲ
649 4241 756 4312 Κήϋκος
781 4247 828 4315 (sc.
847 4244 896 4301 miv
908 4243 999 4300 “rico
1017 4247 1103 4300 naida
1122 4251 1254 4316 γενέσθαι
1277 4250 1367 4318 λέγει),
1392 4264 1452 4298 con·

261 4331 341 4396 spirat
359 4335 512 4384 Antoninus
529 4351 555 4400 p.
575 4347 636 4400 225,
659 4349 698 4400 13.

359 4418 370 4455 ³
389 4425 429 4472 De
448 4422 505 4474 istis
525 4440 592 4490 quae
610 4424 654 4476 hic
672 4426 742 4491 apud
761 4426 932 4478 Knaackium
954 4428 1125 4487 intercedunt,
1142 4427 1210 4478 intra
1229 4429 1307 4480 verba
1326 4429 1425 4482 faciam.

358 4505 370 4542 4
388 4509 517 4562 Aelianus
536 4513 605 4562 eninr
624 4513 777 4564 incensum
796 4532 850 4566 non
866 4516 946 4566 venit.

359 4593 371 4630 ⁵
389 4599 469 4663 Quem
487 4601 654 4668 exscripserit
663 4603 827 4664 Athenaeus,
846 4612 939 4672 postea
957 4605 1136 4658 demonstrare
1155 4608 1330 4669 studebimus,
1350 4608 1396 4658 ubi
1420 4610 1452 4661 de

259 4686 341 4752 ipsius
358 4689 489 4739 Antonini
507 4690 624 4742 sontibus
644 4691 813 4745 disseremus.
