3490 5286
796 315 980 373 ..6-

192 517 274 577 sab.4
393 523 420 580 p.
434 517 502 578 204,
520 517 555 579 15
579 504 650 578 lego
665 520 734 561 cum
748 501 916 561 Munclrero
930 509 963 560 et
978 500 1211 560 Westermenno
1233 494 1285 580 ἀφ’
1307 484 1342 578 ἧς
1360 520 1416 577 pro
1438 497 1489 579 ἐφ’

296 590 331 684 ἧς
351 607 392 664 ob
414 624 503 664 usum
525 605 679 680 scriptoris
694 611 901 678 constantem
924 621 1108 680 quemquam
1131 597 1326 680 ὀνομάζεσθαι
1347 599 1489 672 ἐπίτονος

296 707 414 767 Graece
434 707 494 766 dici
512 702 637 782 potuit1
658 705 708 780 (ci.
725 705 873 764 Kuehner
888 704 1012 766 Griech.
1028 704 1164 765 Gremm.
1179 701 1227 762 112
1247 701 1339 784 §483
1356 704 1379 777 1,
1396 718 1425 776 3,
1442 697 1487 780 d),

294 810 466 868 Antoninus
484 809 516 866 in
538 807 595 866 hac
617 807 792 866 elocutione
813 795 870 864 ὄυτὸ
891 805 1037 875 adhibuit,
1060 805 1097 865 cf.
1119 823 1148 881 p.
1169 819 1237 880 207,
1260 819 1298 878 23
1321 797 1372 862 ἀπ’
1394 799 1488 862 αὐτῶν

294 903 428 986 ὠνόμασε
454 904 519 980 τοὺς
548 903 667 982 παῖδας
705 921 775 982 223,
802 923 814 964 1
850 901 900 965 ἀπ’
928 901 1018 965 αὐτοῦ
1040 900 1219 984 Μαγνησίαν
1245 893 1487 983 πραςηγὸρουσανς

293 1008 362 1079 228,
389 1005 448 1067 16²
473 1007 601 1081 Καῦνος,
628 994 679 1088 ἀφ’
705 990 744 1067 οὗ
763 998 845 1080 πόλις
864 1004 953 1079 ἐστίν,
990 1022 1059 1083 232,
1084 1022 1124 1083 29
1146 1001 1265 1066 Λυκίαν
1284 1001 1489 1083 μετωνόμασεν

291 1106 351 1172 ἀπὸ
371 1113 427 1168 τῶν
439 1157 445 1172 .
458 1156 464 1170 .
479 1104 600 1170 ,λύκωα
639 1108 762 1167 Deinde
782 1103 831 1188 ἐφ’
853 1109 885 1166 in
906 1109 1013 1167 codice
1034 1116 1150 1184 puncto
1171 1115 1312 1167 notatum
1333 1115 1383 1166 est
1403 1105 1489 1182 quod

294 1230 364 1272 cum
380 1211 548 1270 admodum
566 1210 706 1287 exiguum
733 1210 782 1282 sit,
804 1210 863 1270 nisi
885 1209 1044 1296 fortuitum
1062 1209 1110 1281 sit,
1133 1226 1255 1268 omnem
1273 1208 1394 1267 dirimat
1415 1225 1489 1265 con·

295 1314 479 1374 troversiam.

393 1415 537 1485 Multum,
573 1415 630 1474 sed
662 1421 696 1472 ut
728 1413 847 1489 opinor,
882 1411 994 1472 frustra
1027 1414 1218 1472 desudarunt
1254 1412 1308 1471 viri
1342 1412 1426 1470 docti
1458 1411 1489 1470 in

294 1525 438 1594 corrupto
470 1518 539 1576 loco
570 1535 600 1592 p.
625 1531 693 1590 204,
718 1530 755 1589 23
789 1513 839 1574 uui
873 1512 955 1592 παρὰ
985 1517 1066 1574 τοῦτο
1095 1511 1217 1587 πολλοὺς
1246 1508 1410 1574 ἀπολέσθαι
1442 1509 1491 1573 τὸν

296 1613 453 1678 Φάλαικον.
509 1617 556 1677 Ac
593 1637 634 1676 ne
671 1616 849 1676 Schneideri
884 1617 1009 1692 quidem
1041 1625 1246 1675 commentum
1286 1616 1317 1689 (l.
1340 1634 1366 1674 c.
1397 1635 1427 1693 p.
1449 1614 1488 1689 48

294 1738 365 1780 ann.
391 1715 421 1794 ι)
443 1717 552 1778 πολλοῦ
573 1711 769 1778 ἀπολιπέσθαι
790 1712 840 1776 τὸν
863 1712 1011 1776 Φάλαικον
1032 1714 1174 1793 placet³:
1200 1718 1280 1777 viam
1301 1735 1423 1794 prorsus
1446 1717 1489 1775 di·

295 1839 413 1881 versam
443 1819 677 1894 ingrediendam
707 1818 972 1898 essecontendo,
1003 1836 1075 1876 nam
1101 1818 1152 1878 illa
1173 1819 1265 1878 verba
1291 1818 1392 1893 spuria
1421 1835 1491 1876 esse

294 1921 405 1991 iudico,
416 1937 497 1997 quae
509 1919 534 1978 si
546 1912 684 1979 ἀπολέσαι
696 1920 915 1978 correxerimus
930 1915 1026 1994 (idem
1041 1920 1188 1978 mendum
1201 1937 1232 1994 p.
1248 1934 1318 1994 207,
1335 1936 1371 1992 ¹4
1392 1917 1491 1976 codici

294 2022 411 2081 illatum
432 2039 503 2080 esse
525 2015 718 2096 videbimus),
740 2020 881 2078 restituta
902 2028 1001 2078 erunt.
1044 2019 1156 2078 Dicere
1178 2028 1280 2079 autem
1301 2019 1396 2077 voluit
1409 2020 1500 2094 gloss

296 2132 554 2199 setortyrannum
575 2121 606 2179 in
627 2121 678 2179 illa
693 2120 845 2179 seditione
867 2139 886 2178 a
909 2121 1023 2179 civibus
1034 2119 1227 2181 interiectum
1249 2139 1330 2188 esse,
1353 2121 1387 2179 id
1405 2120 1490 2197 quod

296 2234 359 2283 tam
385 2240 530 2301 perverso
556 2222 651 2281 modo
682 2221 769 2291 dixit,
801 2229 835 2280 ut
867 2222 893 2280 is
925 2221 977 2298 qui
1005 2239 1043 2279 ea
1070 2221 1153 2300 legit,
1186 2223 1280 2280 etiam
1306 2221 1490 2281 sententiam

296 2325 479 2385 contrariam
499 2323 680 2399 intellegere
699 2323 806 2399 possit.
850 2322 961 2398 Neque
982 2323 1079 2400 magis
1102 2324 1214 2383 veritus
1237 2333 1284 2382 est
1307 2323 1490 2382 Phalaecum

294 2429 338 2487 ita
366 2427 412 2486 bis
434 2426 614 2484 morientem
636 2420 774 2493 sacere4,
797 2425 864 2483 rudi
887 2434 991 2483 autem
1017 2427 1112 2484 modo
1139 2445 1193 2502 per
1222 2423 1271 2484 uni
1293 2421 1373 2503 παρὰ
1398 2427 1489 2494 τοῦτο,

295 2527 380 2604 quod
411 2529 496 2604 apud
523 2527 712 2587 Antoninum
740 2527 810 2585 alibi
836 2545 900 2586 non
927 2527 1046 2608 legitur,
1073 2545 1210 2605 pannum
1238 2545 1327 2586 suum
1346 2525 1490 2602 ,genuinis

296 2629 395 2686 verbis
414 2630 519 2689 assuit.

394 2747 424 2806 p.
451 2746 521 2804 204,
545 2743 582 2806 25
609 2729 735 2807 legimus
757 2725 916 2808 ἐμποιῆσαι
936 2726 998 2790 ἀντὶ
1023 2719 1178 2790 τούτωνδ’
1204 2725 1343 2806 εὐνομίαν
1363 2729 1435 2806 κτλ.;
1458 2723 1490 2788 δὲ

295 2830 443 2907 particula
464 2831 622 2909 pristinam
647 2831 754 2890 sedem
780 2831 925 2900 deseruit,
955 2849 1034 2908 quae
1058 2840 1130 2907 post
1160 2826 1320 2909 ἐμποιῆσαι
1347 2829 1412 2890 fuit.
1454 2830 1491 2887 Id

296 2932 381 3008 quod
407 2933 501 2992 tribus
528 2931 723 2990 confirmatur
750 2932 861 2992 causis
905 2932 1010 3002 Prima,
1037 2932 1123 3010 quod
1136 2920 1307 3010 ’ἐμποιῆσαι
1327 2931 1491 3008 opponitur

295 3035 407 3092 παῖσαι
421 3034 619 3110 praecedenti
631 3033 778 3092 infinitivo
785 3049 793 3104 ;
809 3035 911 3106 altera,
928 3034 1014 3110 quod
1026 3029 1058 3094 di
1071 3041 1181 3111 quarto
1191 3033 1411 3092 enuntiationis
1423 3033 1491 3090 loco

295 3133 336 3190 ab
350 3133 506 3192 Antonino
523 3151 675 3210 nusquam
692 3134 871 3204 collocatum
891 3134 987 3213 tertia,
1003 3136 1087 3211 quod
1108 3135 1345 3212 transpositione
1361 3133 1492 3210 probata

296 3233 412 3293 hiatum
426 3253 519 3312 quem
537 3235 633 3294 rarius
648 3235 776 3313 scriptor
791 3236 952 3296 admisisse
969 3237 1143 3296 censendus
1162 3245 1216 3308 est,
1234 3235 1322 3296 facile
1334 3236 1462 3295 vitamus
1468 3230 1490 3294 ⁶.

396 3433 407 3472 ¹
424 3437 469 3488 Ab
490 3437 630 3488 Herodoto
648 3443 802 3488 structuram
821 3437 932 3488 mutuati
951 3445 1012 3490 sunt
1030 3438 1075 3489 alii
1092 3437 1167 3490 velut
1184 3437 1328 3496 Arrianus;
1346 3437 1379 3490 cl.
1390 3436 1492 3488 Grund-

296 3527 383 3578 manni
402 3525 487 3592 ‘Quid
501 3527 529 3578 iu
548 3526 698 3578 elocutione
709 3527 815 3578 Arriani
829 3528 969 3578 Herodoto
983 3521 1117 3580 debeatur²
1141 3528 1206 3581 diss.
1225 3525 1311 3580 Berol.
1330 3525 1398 3591 1884
1411 3543 1437 3593 p.
1449 3525 1491 3580 68.

394 3611 407 3649 2
425 3616 499 3681 Quae
517 3621 604 3666 tamen
621 3614 649 3665 in
666 3615 845 3682 suspicionem
863 3617 973 3681 vocabo,
995 3616 1029 3668 cf.
1048 3633 1075 3683 p.
1089 3627 1121 3682 25
1142 3616 1205 3666 diss.

396 3699 407 3736 ³
425 3703 627 3754 Dubitationem
646 3704 776 3768 quandam
793 3704 869 3753 inicit
886 3704 1009 3756 medialis
1028 3705 1111 3755 forma
1128 3704 1173 3772 (ci.
1184 3703 1306 3754 Dindori.
1321 3702 1386 3754 thes.
1399 3700 1453 3752 vol.
1465 3703 1493 3751 11

297 3807 323 3858 p.
340 3791 428 3858 1525);
459 3791 613 3842 Schneideri
632 3797 718 3841 autem
736 3790 851 3842 lectione
869 3793 979 3858 probata
997 3793 1172 3860 discrepantia
1191 3808 1248 3843 cum
1265 3792 1298 3841 iis
1320 3806 1387 3857 quae
1405 3791 1494 3840 Diana

296 3879 415 3945 protulit,
434 3877 589 3929 debilitatur
607 3879 724 3945 quidem,
744 3886 828 3930 tamen
847 3895 902 3930 non
923 3880 1085 3944 infringitur3
1105 3881 1140 3934 cf.
1158 3897 1184 3947 p.
1198 3892 1258 3946 205,
1272 3892 1338 3945 2sq.
1356 3871 1493 3934 Φάλαικος

295 3961 450 4035 ἐτυράννευε
467 3966 513 4031 τῆς
530 3960 642 4028 πόλεως,
662 3962 876 4024 attestentur
894 3967 1048 4039 δυναμένου
1067 3965 1135 4021 κατὰ
1156 3969 1218 4028 δέος
1235 3966 1350 4022 α’νελεῑν.

393 4052 406 4090 ⁴
423 4055 556 4106 Nonnulli
574 4071 632 4107 eam
651 4056 689 4107 sic
707 4057 833 4123 expedire
846 4058 1002 4108 studuerunt
1020 4057 1210 4126 difficultatem,
1223 4067 1252 4109 ut
1264 4066 1358 4125 postea
1366 4045 1494 4108 Φαΰλλον

296 4152 443 4211 exararent5
470 4144 598 4195 Aelianus
618 4144 688 4195 enirn
706 4145 738 4196 de
757 4149 810 4197 nat.
831 4145 909 4195 anim.
929 4146 996 4212 XII,
1015 4158 1049 4207 40
1068 4146 1133 4196 dixit
1149 4141 1351 4215 Ἀμβρακιῶται
1371 4144 1413 4212 δέ,
1433 4143 1494 4196 ἐπεὶ

294 4229 342 4286 τὸν
360 4227 493 4302 τύραννον
511 4226 600 4285 αὐτῶν
620 4221 733 4286 Φαῧλαν
751 4231 858 4302 (melius
876 4222 1014 4302 Φιίῧλλαν)
1034 4228 1204 4286 διεσπάσαντο
1225 4235 1327 4302 λέαινα,
1346 4232 1446 4303 τιμῶσι
1463 4228 1492 4284 τὸ

296 4323 364 4384 ζῶον
382 4325 470 4375 αἴτιον
487 4317 577 4378 αὐτοῖς
595 4319 749 4390 ἐλευθερίας
766 4323 963 4391 γεγενημένον.
1000 4322 1039 4371 At
1058 4322 1170 4372 Ovidius
1188 4323 1216 4373 in
1234 4323 1313 4372 Ibide
1331 4319 1365 4387 (v.
1381 4332 1431 4386 500
1451 4321 1494 4371 ed.

295 4411 420 4479 Merkel.)
439 4409 538 4476 ‘sitque
557 4409 719 4461 Phalaeceae
738 4425 817 4462 causa
836 4410 929 4460 leaena
946 4409 1040 4462 necis’.
1066 4411 1197 4477 Equidem
1216 4425 1273 4460 eam
1292 4409 1493 4477 discrepantiam

295 4501 398 4552 minime
416 4500 601 4551 removendam
620 4515 680 4550 esse
698 4513 803 4561 censeo,
828 4500 945 4566 quamvis
967 4515 1030 4550 sane
1042 4500 1061 4550 ii
1079 4500 1124 4566 qui
1141 4494 1257 4557 πολλοὺς
1267 4501 1430 4560 inducerent,
1449 4513 1494 4549 cur

297 4597 392 4657 postea
410 4577 539 4642 φαῧλλον
557 4604 610 4639 non
629 4588 658 4639 in
676 4594 824 4640 contextum
843 4589 999 4656 reciperent,
1017 4589 1174 4654 intellegere
1193 4605 1248 4640 non
1266 4589 1406 4656 potuerim.

398 4676 411 4715 ὅ
432 4677 580 4730 Buecheler
598 4670 659 4731 ἆντὶ
676 4669 777 4732 τούτων
796 4679 928 4746 expungit
965 4679 1008 4730 De
1026 4679 1100 4731 hiatu
1118 4678 1263 4730 accuratius
1280 4679 1347 4730 infra
1364 4693 1447 4742 agam.
