3490 5286
740 367 947 427 ,29-

344 537 395 596 Αδ
416 536 565 595 Antonini
587 535 757 596 (irationem
771 536 993 595 restituendam
1013 536 1107 596 semel
1122 535 1249 595 adhibui
1259 537 1442 614 Apollodori

245 639 285 696 de
311 637 531 714 Amphitruone
553 637 662 708 verba;
697 638 821 696 inclinat
844 638 972 709 animus,
1000 646 1033 695 ut
1062 639 1171 697 iterum
1200 638 1309 698 faciam
1331 640 1362 698 in
1384 640 1440 710 his,

245 741 356 816 quibus
378 739 588 814 Apollodorea
611 756 778 816 opponam:

309 840 483 899 Antoninus
502 859 532 916 p.
552 856 623 917 237,
641 858 757 918 24sqq.
896 841 1102 917 Apollodorus
1125 842 1143 903 l.
1166 861 1192 904 c.
1214 837 1256 919 (p.
1274 859 1323 920 51,
1339 843 1357 900 8
1371 862 1415 920 sq.

1034 943 1084 1002 ed.
1106 941 1268 1021 Hercher.)

288 1037 382 1121 ἐφάνη
404 1040 459 1122 γὰρ
481 1039 514 1101 ἐν
527 1037 607 1126 <τῴ>
616 1036 714 1124 χρόνῳ
728 1037 817 1124 τούτῳ
910 1033 1031 1120 ἔφθειρε
1052 1039 1107 1121 γὰρ
1129 1051 1186 1123 γῆν
1196 1040 1355 1121 Καδμείαν
1368 1041 1442 1104 ἀλαί·

245 1139 408 1219 Καδμείοις
428 1138 554 1222 ἀλώπηξ,
573 1142 679 1221 χρῆμά
694 1162 718 1201 π
739 1138 815 1220 ε’ξηλ·
871 1141 924 1220 πηξ
939 1137 1045 1220 θήρίον
1062 1139 1228 1218 [excidisse
1245 1145 1364 1203 videtur
1378 1145 1442 1220 epi·

247 1238 403 1322 λαγμίνον·
419 1237 491 1322 αὕτη
505 1239 628 1321 συνεχῶς
637 1239 670 1302 ἐκ
681 1245 732 1302 roi
745 1240 817 1301 Tov-
870 1243 979 1301 theton
1002 1244 1084 1302 velut
1099 1234 1254 1324 ὑπερφυές]
1268 1290 1276 1306 .
1290 1291 1296 1305 .
1311 1241 1442 1305 ,ἀδικου-

245 1348 359 1423 μηοσοῢ
369 1349 506 1408 munira
517 1341 651 1417 πολλάκις
660 1341 725 1416 τοὺς
735 1339 818 1402 Καδ·
868 1338 956 1421 μένης
977 1340 1008 1404 δὲ
1028 1349 1080 1422 τῆς
1094 1340 1194 1425 χώρας
1207 1341 1259 1406 ἕνα
1273 1348 1328 1404 τῶν
1348 1342 1441 1404 ἀστῶν

231 1441 346 1519 Ιμείους
368 1440 523 1524 ἡρπάζετο
545 1445 593 1506 καί
610 1443 683 1530 αὐτῇ
695 1437 820 1523 ,πρυιίτί-
871 1442 962 1504 παῖδα
983 1439 1011 1504 οί
1031 1441 1156 1523 Θηβαῖοι
1172 1442 1245 1506 κατὰ
1257 1444 1342 1526 μῆνα
1357 1466 1441 1523 προε-

233 1545 342 1644 ,θεσαν
363 1542 479 1606 παιδίον
500 1543 548 1606 διὰ
563 1550 730 1625 τριακοστῆς
752 1541 821 1625 ήμί·
870 1541 990 1608 τίθεσαν
1017 1542 1089 1630 adn}
1116 1541 1238 1618 πολλοὺς
1264 1541 1441 1630 δρπαξοιίσῃ,

245 1665 306 1724 ρας,
333 1635 351 1724 ή
374 1642 406 1706 δὲ
427 1635 570 1726 κατήσθιε
590 1642 791 1724 λαμβάνουσα.
870 1650 952 1706 τοῦτο
973 1643 1065 1726 εἰμὴ
1087 1642 1203 1727 γίνοιτο.

246 1849 380 1908 Maxime
402 1849 542 1907 medialis
570 1848 668 1908 forma
695 1837 838 1926 ἡρπάζετο
860 1848 1009 1928 displicet,
1038 1867 1119 1926 quae
1140 1867 1242 1926 neque
1266 1850 1443 1926 alibivapud

201 2021 203 2026 Ι
246 1945 461 2010 Antoninum1
484 1949 613 2008 occurrit
635 1944 687 2028 (cf.
710 1968 740 2025 p.
764 1948 833 2020 208,
855 1965 892 2007 22
925 1945 954 2010 τὸ
977 1947 1083 2028 θηρίον
1103 1947 1257 2030 ἐπιφοιτῶν
1278 1946 1443 2030 ἀνήρπαζεν
1501 1973 1504 1984 ·

247 2048 341 2114 ...τὰ
362 2044 522 2128 θρέμματα
543 2048 593 2109 καί
613 2046 678 2122 τοὺς
700 2046 883 2127 ἀνθρώπους,
906 2061 938 2109 et
959 2071 988 2128 p.
1010 2067 1080 2126 230,
1100 2067 1134 2129 17
1159 2046 1318 2133 ἥρπασαν),
1339 2070 1442 2130 neque

247 2163 372 2222 omnino
395 2161 510 2219 codicis
532 2159 638 2219 nititur
659 2161 851 2231 auctoritate,
872 2162 903 2218 in
925 2180 987 2238 quo
1007 2163 1134 2239 legimus
1154 2141 1295 2240 ήρπᾶζετδ
1309 2161 1358 2220 καὶ
1379 2162 1398 2223 i.
1412 2182 1441 2222 e.

246 2256 359 2342 ήρπαζέ
389 2283 417 2322 τε
447 2256 506 2324 καί.
549 2262 669 2320 Tamen
700 2263 793 2321 etiam
825 2263 906 2322 hauc
934 2264 1078 2340 amplecti
1110 2264 1290 2340 scripturam
1322 2262 1440 2334 dubito,

247 2363 392 2441 quoniam
402 2362 574 2422 Antoninus
596 2363 685 2446 idem
702 2372 784 2422 certe
808 2366 894 2439 quod
902 2365 1109 2441 Apollodorus
1131 2365 1268 2424 dicturus
1291 2363 1440 2422 fuitThe-

246 2466 344 2524 banos
366 2481 492 2540 puerum
520 2465 544 2522 si
571 2474 708 2524 monstro
736 2475 936 2542 apponerent,
965 2483 1028 2524 non
1050 2475 1177 2524 vexatos
1206 2465 1298 2524 fuisse
1328 2465 1442 2541 rapinis

247 2561 298 2646 (ct.
322 2566 416 2626 etiam
438 2583 518 2642 quae
537 2566 666 2643 scriptor
687 2585 717 2642 p.
736 2567 806 2637 208,
822 2582 859 2640 25
882 2560 1021 2644 rettulit).
1057 2567 1153 2625 Addo
1175 2567 1261 2642 quod
1283 2567 1442 2641 syllaba-ro

246 2667 277 2726 in
299 2685 405 2726 rasura
427 2667 542 2725 codicis
565 2667 714 2726 collocata
734 2662 813 2728 esti
841 2669 995 2742 Quocirca
1014 2669 1119 2726 nescio
1141 2687 1181 2726 an
1202 2667 1324 2725 dederit
1345 2667 1442 2724 Anto·

247 2770 336 2827 ninus
358 2768 504 2828 Liberalis
530 2763 594 2850 τοίνς
615 2763 785 2844 Καδμείους
812 2763 939 2846 ἥρπαζεν
959 2766 986 2828 εί
1005 2765 1051 2847 μή
1074 2763 1147 2852 αὐτῇ
1169 2761 1364 2845 προῦτίθεσιιν
1384 2766 1441 2828 κτλ.

346 2871 434 2929 Haec
455 2869 547 2928 habui
569 2887 650 2945 quae
672 2871 712 2929 de
733 2878 879 2929 contextu
894 2871 1047 2947 scriptoris
1063 2870 1206 2938 dicerem,
1226 2868 1256 2926 in
1271 2885 1332 2945 quo
1351 2884 1442 2944 quam

252 2970 343 3028 muita
363 2972 502 3030 nondum
525 2979 634 3030 sanata
656 2973 724 3042 sint,
747 2972 848 3031 hercle
870 2991 933 3030 non
955 2973 1073 3048 ignoro.
1102 2971 1222 3029 Tamen
1237 2987 1351 3046 operae
1373 2987 1441 3046 pre·

253 3069 328 3127 tium
349 3088 416 3130 esse
439 3072 534 3130 visum
556 3081 605 3130 est
626 3073 737 3130 multas
760 3072 956 3132 difficultates
979 3072 1004 3130 si
1032 3090 1095 3130 non
1118 3071 1264 3148 expedire
1287 3079 1390 3130 tamen
1411 3069 1444 3128 in

250 3170 345 3229 lucem
367 3172 507 3248 proferre,
531 3180 640 3249 utpote
663 3191 744 3249 quae
767 3174 892 3232 omnino
915 3174 1018 3232 adhuc
1040 3172 1192 3232 latuerint.

347 3369 357 3408 1
376 3373 417 3426 cr.
436 3372 589 3440 Palaephati
613 3374 666 3424 ab.
684 3375 753 3425 v111
773 3374 809 3443 (p.
824 3376 885 3442 278,
904 3375 919 3426 s
936 3391 975 3442 sq.
994 3375 1035 3425 ea.
1053 3369 1209 3440 uestem.)
1228 3369 1299 3441 φασι
1318 3350 1444 3436 περιῇς

251 3464 407 3532 Τευμησίας
427 3455 567 3520 ἀλώπεκος
586 3459 620 3520 ὠς
639 3455 796 3530 δραιίζουσα
816 3459 878 3521 τοὺς
897 3462 1054 3534 Καδμείους
1071 3453 1226 3526 κατήσθιεν.

347 3545 359 3586 ²
378 3551 418 3603 Cf.
428 3566 455 3616 p.
467 3551 501 3600 26
520 3550 582 3601 diss.
