3490 5286
764 383 971 442 „55-

266 551 348 610 idem
370 553 468 628 possit
488 555 635 612 contendi
644 549 664 609 1.
710 552 840 610 Accedit
861 553 947 627 quod
968 552 1039 610 nihii
1061 554 1091 610 in
1114 553 1217 612 fabula
1241 569 1282 628 39
1304 555 1463 624 invenitur,

268 668 330 728 quo
353 653 499 712 Nicandri
519 655 594 713 ratio
617 655 648 710 in
670 653 847 712 memoriam
871 652 1023 711 nobismet
1046 654 1169 728 quidem
1190 663 1356 714 revocetur.

365 755 470 814 Habes
502 755 563 815 iam
584 773 682 814 meam
715 757 754 812 de
791 754 907 828 origine
937 753 1029 811 libelli
1050 753 1248 812 Antoniniani
1271 757 1462 834 sententiam,

267 873 359 930 quam
383 874 447 915 non
479 865 542 914 tam
564 855 770 914 concludendi
792 854 980 914 necessitate
1015 872 1105 931 quam
1128 856 1330 915 ratiocinandi
1352 857 1464 933 proba·

267 956 383 1016 bilitate
407 957 510 1014 fulcire
533 957 622 1016 licuit.
650 957 743 1014 Addo
767 975 870 1015 unum.
894 955 1022 1014 Etiamsi
1037 955 1182 1014 Nicandri
1203 957 1297 1032 ipsius
1312 976 1424 1033 poema
1445 976 1463 1014 a

267 1057 465 1133 compilatore
484 1067 662 1134 excerptum
683 1075 751 1116 esse
775 1053 917 1126 diximus,
941 1059 966 1116 si
983 1057 1048 1132 quis
1072 1075 1109 1115 eo
1133 1058 1260 1116 consilio
1272 1059 1463 1116 Antoninum

266 1159 414 1234 inspiciet,
437 1167 471 1216 ut
493 1159 637 1217 historiae
659 1158 829 1218 fabularum
852 1159 980 1217 daturus
1005 1176 1129 1233 operam
1151 1159 1315 1234 diligenter
1334 1178 1413 1235 quae
1432 1162 1464 1218 in
1516 1195 1518 1202 ι

267 1278 449 1336 quacunque
472 1280 504 1318 re
530 1261 641 1336 singuli
663 1270 776 1336 poetae
798 1261 985 1330 novaverint,
1008 1261 1177 1337 distinguat
1200 1270 1232 1319 et
1254 1270 1368 1336 chorei,
1386 1280 1462 1320 nun-

269 1379 360 1436 quam
381 1347 471 1418 velim
493 1363 694 1432 obliviscatur,
722 1380 813 1436 quam
836 1363 943 1419 erebro
966 1361 1270 1421 transformationum
1302 1364 1361 1421 ista
1393 1381 1464 1421 con-

269 1461 367 1536 geries
393 1462 456 1519 sive
484 1454 870 1538 111101011311131131111122
901 1463 963 1520 sive
991 1471 1162 1539 temporum
1191 1463 1299 1522 iniuria
1329 1464 1463 1522 breviata

268 1570 359 1622 aucta
381 1563 551 1624 deformata
573 1563 620 1624 sit.

268 1697 467 1704 ——-—..—.

366 1779 376 1818 ¹
397 1785 437 1834 Ex
457 1801 510 1851 quo
529 1799 653 1847 magnum
668 1782 806 1834 frustulum
829 1783 997 1849 desumptum
1019 1783 1052 1834 ab
1062 1783 1204 1834 Athenaeo
1224 1791 1251 1834 et
1266 1790 1395 1834 servatum
1416 1791 1463 1836 est.

369 1872 440 1925 2Cl.
460 1889 486 1940 p.
501 1885 531 1934 19
552 1873 628 1930 dis5.;
647 1871 802 1940 praecipitat
822 1872 934 1922 subinde
955 1870 1108 1937 compilator
1127 1857 1200 1922 velut
1218 1889 1243 1938 p.
1259 1885 1320 1932 201,
1340 1884 1371 1936 25
1392 1880 1462 1938 post·

267 1980 343 2028 quarn
364 1963 512 2030 Ctesyllam
531 1961 564 2010 ab
582 1959 763 2010 Hermochare
787 1961 910 2010 adaram
930 1961 1066 2026 Apollinis
1086 1961 1226 2010 saltantem
1246 1968 1379 2027 aspectam
1407 1977 1464 2012 csse

268 2052 390 2112 narravit,
410 2052 536 2101 continuo
554 2049 640 2116 pergit
657 2050 703 2100 καὶ
722 2043 881 2117 ἐπιγράψεις
897 2047 986 2118 μῆλον
1005 2048 1119 2116 ἔρριψεν
1141 2047 1171 2102 ἐν
1189 2048 1226 2116 τῷ
1249 2049 1313 2118 ἱερῷ
1341 2049 1386 2113 τῆς
1407 2045 1464 2115 ’Ap-

268 2138 387 2208 τίμιδος,
406 2133 422 2203 ἡ
442 2137 472 2190 dt
490 2133 610 2190 ἀνείλετο
629 2138 674 2186 καὶ
693 2136 772 2204 ἔγνω.
809 2137 904 2186 Omisit
932 2153 993 2200 ergo
1015 2153 1220 2188 commemorare
1250 2145 1276 2187 et
1294 2138 1408 2205 puellam
1438 2139 1465 2186 in

267 2227 391 2292 templum
410 2227 511 2277 Dianae
536 2234 597 2293 post
617 2225 778 2276 saltationem
796 2227 908 2275 intrasse
936 2232 962 2275 et
985 2225 1193 2276 Hermocharem
1222 2241 1312 2276 amore
1329 2226 1465 2276 incensum

268 2332 325 2365 eam
345 2322 462 2367 secutum
484 2331 551 2366 esse.
574 2314 664 2365 Simile
682 2321 818 2380 peccatum
844 2331 871 2380 p.
891 2325 950 2374 210,
971 2315 986 2364 8
1006 2331 1063 2380 sqq.
1084 2315 1133 2363 iam
1152 2315 1319 2381 Verheylrius
1349 2316 1464 2364 animad·

267 2405 343 2454 vertit
361 2405 398 2470 (in
418 2405 459 2456 ed.
478 2404 580 2456 Kochii
598 2421 623 2469 p.
646 2404 715 2470 159).
753 2404 793 2454 Cf.
819 2403 895 2452 etiam
914 2420 939 2469 p.
960 2413 1021 2467 215,
1044 2415 1073 2466 13
1095 2418 1133 2469 sq.
1163 2419 1230 2469 quae
1250 2403 1325 2453 nimis
1345 2404 1464 2456 breviata

268 2499 335 2553 sunt,
354 2500 380 2542 et
398 2509 424 2558 p.
445 2493 505 2558 236,
525 2505 539 2542 2
569 2493 614 2541 ubi
633 2493 725 2542 frustra
744 2507 847 2542 causam
866 2492 1022 2557 quaerimus,
1043 2507 1088 2541 cur
1107 2491 1273 2544 Britomartis
1293 2508 1308 2541 a
1327 2491 1465 2558 Cephalle-

268 2581 345 2630 nibus
360 2584 477 2650 Λαφρία
497 2582 625 2647 appellata
644 2581 684 2632 sit.
703 2582 839 2631 Interdum
854 2581 1016 2647 Antonium,
1036 2581 1081 2630 ubi
1097 2588 1188 2644 agatur
1204 2581 1301 2648 fabula,
1320 2581 1399 2646 plane
1418 2581 1464 2630 ob·

266 2668 326 2718 litus
347 2676 387 2719 est
409 2670 525 2720 indicare
550 2671 630 2735 (sabb.
653 2683 676 2734 7,
699 2682 738 2730 10,
759 2667 818 2738 21);
839 2670 928 2720 omisit
946 2685 1148 2720 commemorare
1166 2686 1191 2735 p.
1212 2670 1272 2730 228,
1293 2681 1324 2732 31
1350 2669 1396 2719 ubi
1414 2671 1465 2734 Ly·

268 2773 332 2808 caon
360 2751 506 2827 αὐτόχθων
531 2759 615 2826 tuerit,
641 2775 727 2824 neque
746 2758 863 2826 prodidit
890 2774 915 2824 p.
935 2770 996 2822 234,
1016 2765 1095 2810 2011
1115 2770 1145 2807 21
1173 2758 1279 2808 ubinam
1297 2757 1409 2824 Eurytio
1440 2764 1466 2806 et

267 2850 382 2897 Acastus
401 2847 582 2898 habitaverint.

366 2936 460 3002 Neque
490 2937 552 2988 satis
581 2951 689 3000 gnarum
717 2937 851 3000 regionum
881 2937 1044 2986 Antoninum
1072 2937 1151 2986 fuisse
1180 2935 1346 2998 cognoscitur
1371 2951 1385 2984 e
1408 2949 1465 2983 ver-

268 3023 308 3073 bis
327 3041 353 3090 p.
365 3035 425 3084 222,
440 3036 470 3087 31
492 3041 530 3090 sq.
550 3007 626 3082 abror
650 3023 699 3092 (sc.
718 3017 846 3092 Μάγνης)
871 3020 978 3092 ᾤκησεν
999 3019 1080 3092 ἔγγὺς
1099 3023 1251 3079 Θεσσαλίας
1274 3025 1319 3073 καὶ
1344 3019 1392 3088 τὴν
1412 3021 1466 3090 γῆν

268 3103 366 3177 ταύτην
382 3106 431 3164 r’rrr'
450 3105 531 3162 αὐτοῦ
550 3115 721 3180 Μαγνησίαν
739 3104 961 3180 προςηγόρευσαν
988 3112 1014 3162 οἱ
1034 3103 1186 3176 ἅνθρωποι.
1225 3113 1322 3162 Tamen
1341 3112 1374 3161 de
1395 3126 1464 3162 com·

267 3200 387 3266 pluribus
411 3201 478 3251 locis
501 3202 538 3250 ita
562 3201 686 3270 loquitur,
712 3203 788 3270 quasi
816 3203 874 3269 ipse
902 3202 1064 3266 cognoverit,
1094 3208 1139 3251 2111
1164 3201 1187 3250 si
1209 3201 1260 3252 hoc
1285 3201 1392 3250 nimium
1417 3206 1465 3260 est,

267 3290 304 3340 ita
322 3297 401 3340 notos
420 3289 515 3341 habeat
544 3298 570 3341 et
588 3292 742 3358 exploratoS,
771 3297 800 3342 ut
820 3293 950 3343 Graecum
979 3306 1039 3341 eum
1067 3291 1109 3340 vel
1127 3290 1264 3356 provincia
1282 3290 1349 3340 Asia
1376 3295 1465 3339 natum

268 3395 325 3428 esse
344 3379 366 3430 si
385 3384 536 3439 statuamus,
557 3395 572 3428 a
590 3396 652 3429 vero
672 3380 715 3430 vix
735 3381 891 3434 aberremus.
923 3383 983 3430 Huc
1002 3386 1120 3446 spectant
1142 3395 1168 3445 p.
1189 3390 1249 3438 210,
1272 3391 1302 3443 17
1323 3394 1362 3444 sq.
1392 3382 1467 3432 Παν-

269 3460 373 3534 διὶρεως
391 3460 454 3534 ᾤκει
472 3467 522 3535 γῆς
539 3466 585 3534 της
600 3462 746 3538 Ἐφεσίας,
765 3464 802 3522 ἵν’
825 3469 883 3522 ἐστὶ
906 3468 955 3522 νῦν
977 3465 992 3520 ὁ
1014 3465 1109 3536 ιτρηων
1127 3466 1234 3535 (rectius
1252 3463 1367 3534 Πρηὼν)
1390 3462 1466 3533 παρὰ

269 3551 316 3620 τὴν
338 3549 431 3623 πόλιν;
461 3558 529 3608 idem
553 3574 579 3624 p.
599 3569 659 3621 230,
683 3571 692 3606 1
719 3557 750 3610 έν
772 3558 803 3630 τη
826 3563 888 3631 Οἴτη
912 3559 983 3608 nude
1008 3558 1097 3624 posuit
1121 3563 1147 3606 et
1175 3574 1201 3623 p.
1221 3568 1282 3619 233,
1304 3569 1334 3606 12
1365 3556 1402 3611 εἰς
1420 3557 1466 3606 Σί-

268 3645 355 3696 πυλον
379 3662 433 3694 non
456 3646 556 3697 addens
584 3638 662 3715 ὅρος;
691 3647 791 3697 addidit
809 3639 872 3712 ὅρος
896 3648 929 3698 ad
948 3647 1081 3697 Libanum
1111 3662 1136 3710 p.
1157 3657 1218 3709 231,
1241 3657 1271 3706 19
1300 3645 1347 3694 sed
1375 3645 1411 3694 ita
1439 3650 1467 3694 ut

268 3731 313 3796 1ης
331 3735 432 3802 Συρίας
450 3735 593 3794 omitteret;
614 3736 645 3788 cf.
665 3736 742 3785 etiarn
761 3752 786 3802 p.
808 3748 868 3800 237,
888 3738 930 3787 26.
968 3736 1132 3801 Quamquam
1158 3749 1220 3788 vero
1245 3733 1401 3801 plerumque
1433 3733 1466 3782 ad

268 3821 359 3872 urbem
379 3837 476 3872 nomen
497 3830 581 3873 terrae
600 3824 729 3890 apposuit,
748 3831 833 3874 tamen
853 3824 1003 3890 suspicione
1022 3839 1076 3873 non
1096 3829 1168 3872 caret
1187 3839 1213 3888 p.
1233 3821 1294 3881 218,
1316 3833 1346 3870 12
1369 3819 1398 3872 ἐν
1417 3813 1467 3884 Θή-

268 3914 328 3976 βαις
345 3914 402 3966 ταῖς
414 3914 558 3968 Βοιωτίαις
577 3911 642 3978 (sive
656 3928 714 3960 cum
727 3911 881 3976 Verheykio
900 3911 945 3974 τῆς
957 3914 1090 3968 Βοιωτίας
1109 3911 1225 3962 scribere
1246 3909 1348 3976 mavis),
1368 3910 1467 3976 quippe

270 4013 328 4047 cum
361 3999 479 4049 eiusdem
506 4001 597 4066 oppidi
622 4016 720 4050 nornen
749 4000 841 4050 nobile
879 4000 936 4049 sine
969 4007 1053 4050 terrae
1085 3999 1276 4062 significatione
1306 3998 1468 4064 usurpaverit

268 4103 295 4152 p,
316 4100 374 4151 227,
399 4098 427 4152 15
449 4096 475 4138 et
491 4104 516 4153 p.
537 4100 598 4152 231,
618 4100 632 4153 7
653 4097 678 4138 et
700 4101 739 4153 17.
778 4089 852 4138 Sane
871 4089 965 4138 eadem
986 4087 1164 4138 inconstantia
1183 4087 1294 4137 occurrit
1312 4104 1338 4154 p.
1357 4098 1417 4145 202,
1437 4097 1466 4150 17

269 4175 316 4224 ubi
335 4175 419 4225 solum
439 4174 469 4228 ἐν
489 4174 631 4229 Καλυδῶνι
651 4185 677 4226 11
695 4192 721 4243 p.
743 4187 803 4240 233,
824 4188 855 4225 21
887 4177 933 4226 ubi
953 4177 1017 4225 dixit
1036 4177 1072 4232 ric
1091 4174 1241 4228 Καλυδῶνα
1269 4174 1313 4240 τῆς
1333 4174 1468 4230 Αἰτωλίας

268 4261 391 4332 ἀφίκετο.
429 4265 646 4331 Mesopotamiam
666 4274 750 4316 autem
775 4273 801 4315 et
819 4267 935 4316 Pontum
953 4267 1119 4316 Antoninum
1144 4283 1196 4316 11011
1216 4281 1344 4330 cognosse
1362 4272 1467 4330 apparet

270 4370 301 4403 ex
335 4370 361 4420 p.
380 4366 441 4420 219,
463 4355 494 4404 16
522 4351 568 4417 τῆς
594 4355 743 4424 λεγομένης
773 4357 993 4422 Μεσοποταμίας
1030 4356 1092 4422 περὶ
1124 4353 1275 4421 Βαβυλῶνα
1312 4346 1394 4404 πόλιν
1438 4360 1465 4403 11

270 4459 296 4507 p.
316 4443 377 4501 226,
399 4454 429 4503 19
442 4434 566 4510 ἀπῴκισε
585 4436 634 4506 τὴν
646 4442 807 4512 Ἰφιγένειαν
827 4443 865 4498 εἰς
884 4437 933 4507 τὴν
944 4438 1053 4509 Λευκὴν
1066 4444 1226 4511 λεγομένην,
1246 4458 1305 4492 cum
1324 4459 1376 4492 non
1391 4442 1467 4492 aliter

271 4530 304 4579 de
323 4530 451 4580 sabulosis
471 4531 573 4582 locutus
595 4531 628 4581 sit
648 4531 787 4597 Pygmaeis
807 4547 833 4597 p.
855 4531 916 4590 216,
937 4543 970 4592 29
991 4527 1065 4598 παρὰ
1089 4534 1145 4588 τοῖς
1169 4525 1329 4600 λεγομένοις
1347 4524 1467 4597 ἀνδράσι

271 4622 434 4688 Πυγμαίοις.
472 4619 546 4670 Alias
565 4619 615 4669 hae
634 4619 724 4686 phrasi
742 4636 796 4669 non
815 4621 902 4671 utitur.
939 4621 984 4670 Ad
998 4620 1100 4670 Italiam
1119 4625 1237 4687 spectant
1256 4636 1282 4685 p.
1301 4620 1388 4680 229,6
1409 4634 1466 4685 sqq.
