3490 5286
757 320 963 380 ..47-

262 496 448 553 occultatum
470 493 525 552 tuit
546 491 689 561 tenebris,
711 510 784 549 num
807 507 874 566 qua·
890 491 959 550 alibi
983 501 1104 550 exstent
1118 493 1254 569 vestigia,
1281 493 1457 571 circumspi-

261 597 403 666 ciendum
425 595 481 653 erit
492 591 512 654 ¹.
557 595 591 653 In
620 592 679 651 isto
705 611 776 650 vero
803 592 912 650 horreo
939 594 1117 651 eruditionis
1141 595 1261 670 amplae
1285 603 1316 652 et
1338 599 1454 654 ahstru·

262 715 315 756 sae
342 697 519 755 fabellarum
541 696 664 770 copiam
685 690 757 752 κατὰ
778 695 913 770 στοιχεῖον
936 694 1087 768 digestam
1115 695 1208 753 fuisse
1230 704 1264 753 ut
1288 699 1457 767 credamne,

262 799 351 857 facile
374 798 553 856 adducimur
563 793 584 856 2.
619 795 755 868 Quodsi
777 813 880 852 verum
896 803 951 864 est,
973 813 1040 853 curn
1064 798 1104 853 de
1118 795 1209 855 Batto
1232 797 1292 855 iam
1314 800 1345 857 in
1360 802 1456 875 primo

260 901 335 957 libro
351 899 466 957 dictum
489 898 587 966 fuerit,
610 897 704 954 totius
727 895 826 971 operis
843 896 975 953 ambitus
998 906 1069 954 octo
1091 896 1154 954 sere
1174 898 1265 955 libros
1282 901 1456 974 complexus

261 1019 331 1059 esse
352 1001 483 1060 videtur.
532 1055 534 1059 Α

359 1102 520 1176 Ingentem
547 1108 650 1158 autem
675 1099 862 1156 Graecarum
886 1096 1055 1156 fabularum
1084 1098 1108 1154 si
1131 1101 1373 1174 contemplamur
1393 1119 1458 1160 mo-

261 1202 329 1282 lem,
353 1220 444 1277 quam
466 1209 590 1259 centum
611 1200 764 1258 mehercle
786 1199 850 1256 libri
866 1199 1024 1258 continere
1048 1216 1110 1256 non
1132 1209 1306 1280 potuerunt,
1329 1202 1458 1262 scholia·

262 1312 339 1363 stam
362 1303 510 1380 Pamphili
531 1319 591 1379 ope
612 1302 735 1378 saepius
758 1302 937 1359 destitutum
960 1319 1108 1359 essenon
1130 1311 1178 1358 est
1200 1304 1286 1377 quod
1306 1305 1456 1365 miremur.

260 1406 297 1465 ld
325 1405 487 1464 scholiasta
519 1399 612 1480 perri
646 1405 863 1479 compendium
892 1404 925 1482 (i.
950 1420 977 1461 e.
1010 1388 1109 1481 οὐδέν)
1137 1403 1250 1462 diserte
1276 1405 1457 1481 aliquotiens

261 1505 437 1581 significavit
450 1503 470 1567 ³.
504 1486 611 1583 Neque
634 1507 663 1563 ei
685 1522 765 1580 quae
788 1505 981 1582 quaesiverit,
1003 1504 1069 1579 ipsa
1093 1525 1110 1564 a
1133 1505 1291 1582 Pamphilo
1314 1507 1458 1583 suppedi-

262 1615 327 1665 tata
348 1625 417 1664 esse
440 1608 574 1666 elucete
594 1605 719 1680 scholio,
742 1608 827 1682 quod
848 1609 889 1666 ad
912 1615 1053 1664 octavam
1075 1606 1205 1681 aspersit
1215 1606 1368 1664 Parthenii
1390 1627 1457 1665 nar·
1488 1642 1490 1647 ,

261 1703 447 1765 rationem4:
472 1701 578 1784 ἱστορεῖ
589 1703 795 1784 Ἀριστόδημος
816 1700 984 1778 &Nauaris
1004 1703 1037 1765 ἔν
1057 1702 1085 1764 α’
1108 1699 1237 1784 ἱστοριῶν
1259 1707 1323 1785 περὶ
1343 1703 1458 1782 τούτων,

166 1883 169 1886 ¹
261 1804 339 1886 πλὴν
369 1803 410 1866 tn
431 1805 465 1868 τὰ
487 1798 615 1885 ὀνόματα
644 1795 824 1884 ὑπαλλάττει,
850 1804 911 1866 ἀντὶ
931 1803 1077 1886 Ἠρὶππης
1096 1809 1195 1866 καλῶν
1217 1806 1246 1866 Γ
1242 1806 1385 1886 crispiora,
1411 1807 1459 1868 τὸν

260 1905 292 1968 δὲ
319 1897 471 1988 βάρβαρον
498 1902 655 1984 Καυάραν.
699 1909 740 1967 At
766 1916 870 1967 tamen
896 1927 1091 1985 summopere
1123 1910 1296 1966 cavendum
1327 1918 1384 1979 est,
1412 1908 1458 1969 'ne

261 2011 469 2069 Alexandrino
497 2011 680 2086 imputemus
711 2011 911 2084 grammatico
945 2011 1119 2069 socordiam
1149 2011 1333 2072 litteratoris.
1378 2010 1457 2070 Nara

261 2113 345 2188 quod
369 2113 409 2170 ad
436 2112 599 2189 plerasque
627 2112 755 2169 fabellas
781 2111 935 2170 Parthenii
962 2121 994 2170 et
1024 2129 1130 2171 omnes
1153 2112 1300 2170 Antonini
1333 2129 1458 2189 quarum

260 2215 361 2288 plures
385 2214 551 2272 afferuntur
574 2221 723 2289 auctores
746 2230 897 2288 nusquam
923 2229 1012 2269 verus
1035 2213 1156 2270 fabulae
1179 2220 1285 2270 auctor
1308 2231 1326 2270 a
1349 2216 1458 2272 ceteris

261 2315 313 2389 qui
335 2315 442 2372 similia
456 2315 647 2384 rettulerunt,
664 2314 861 2389 scriptoribus
884 2314 1076 2388 disiungitur,
1098 2314 1171 2372 nolo
1187 2315 1258 2371 vitio
1279 2314 1354 2371 verti
1367 2315 1456 2374 Pam-

265 2475 462 2482 ——.—

293 2605 298 2610 .
360 2561 371 2599 1
389 2565 501 2614 Exstant
518 2566 546 2613 ni
564 2562 650 2622 fallor,
669 2563 740 2612 haud
759 2579 841 2628 pauca
860 2569 885 2612 et
904 2563 932 2612 in
947 2562 1054 2612 scholiis
1064 2561 1227 2626 Vergilianis
1246 2569 1272 2614 et
1290 2561 1318 2612 in
1331 2564 1459 2614 Lactantii

261 2654 307 2720 qui
320 2660 437 2720 vocatur,
451 2652 596 2703 fabularum
610 2651 809 2703 narrationibus.
836 2655 926 2716 Atque
945 2651 978 2701 de
1000 2651 1110 2701 scholiis
1121 2651 1282 2714 Vergilianis
1301 2667 1457 2718 quamquam

260 2741 428 2809 Pamphilum
449 2757 503 2790 non
522 2740 674 2799 nominavit,
694 2755 782 2789 verum
804 2741 951 2805 suspicatus
971 2746 1011 2789 est
1024 2739 1180 2789 Knaackius
1197 2739 1215 2792 l.
1229 2740 1247 2791 l.
1267 2741 1320 2806 p.8
1340 2753 1458 2801 annm,

261 2831 425 2882 cuiusverba
438 2845 578 2897 apponam:
596 2828 723 2879 ‘ceterum
742 2828 808 2878 haec
827 2844 879 2878 una
897 2835 997 2879 tantum
1017 2845 1032 2879 e
1051 2829 1126 2894 copia
1144 2829 1300 2878 fabellarum
1314 2829 1457 2879 remotissi-

262 2936 367 2987 marum,
386 2935 454 2986 quas
478 2926 504 2969 et
522 2919 628 2970 Servius
652 2925 679 2971 et
699 2917 802 2968 scholia
823 2917 868 2967 illa
887 2918 1027 2970 memoriae
1045 2917 1216 2970 tradiderunt.
1253 2919 1370 2984 persuasi
1394 2919 1457 2968 mihi

266 3023 353 3058 omnes
372 3025 402 3061 ex
422 3008 682 3058 transformationum
701 3007 862 3056 collectione
880 3022 895 3055 a
913 3007 970 3056 viro
989 3007 1069 3056 docto
1084 3007 1184 3058 Graeco
1199 3007 1318 3058 coniecta
1335 3007 1477 3075 desump-¹

266 3102 303 3146 tas
321 3113 384 3150 esse.
421 3097 572 3164 praevalent
589 3095 724 3146 hominum
743 3095 901 3146 mutationes
920 3095 948 3144 in
967 3095 1044 3145 flores
1063 3089 1233 3160 arboresque'
1255 3110 1278 3147 e.
1298 3112 1323 3160 q.
1344 3112 1364 3146 s.
1393 3097 1459 3146 Lac·

264 3185 337 3234 tantii
355 3192 439 3235 autem
458 3185 620 3235 narrationes
639 3184 821 3235 commentarii
840 3184 974 3234 cuiusdam
994 3184 1022 3234 in
1036 3183 1126 3234 Ovidii
1147 3184 1377 3249 metamorphoses
1397 3199 1458 3234 con·

264 3273 352 3339 scripti
372 3273 497 3338 reliquias
516 3288 575 3324 esse
594 3281 622 3323 ut
640 3275 780 3322 Foerstero
800 3269 908 3338 (Rauh
933 3273 980 3321 der
998 3265 1179 3338 Persephone’
1206 3288 1232 3338 p.
1253 3272 1303 3334 289
1325 3277 1374 3338 sq.)
1399 3289 1458 3322 con-

263 3362 364 3422 cedam,
383 3363 542 3424 Graecorum
561 3369 699 3429 poetarum
718 3363 791 3413 velut
810 3363 962 3423 Phanoclis‚
982 3362 1099 3414 Hesiodi
1117 3363 1226 3412 aliorum
1246 3364 1396 3413 testimonia
1419 3364 1457 3413 ibi

259 3449 366 3500 laudata
386 3451 502 3502 secundo
522 3451 628 3517 quidem
658 3451 719 3503 loco
739 3453 771 3502 ad
790 3452 957 3519 Pamphilum
982 3451 1076 3512 redire,
1096 3451 1188 3502 nescio
1219 3467 1251 3501 an
1279 3467 1333 3503 non
1361 3459 1457 3502 temere

261 3540 398 3591 coniciam.

359 3624 372 3662 2
388 3629 509 3680 Eandem
523 3628 648 3679 rationem
666 3629 693 3678 in
712 3628 772 3678 aliis
791 3628 867 3678 libris
879 3628 989 3694 Pamph.
1005 3635 1111 3678 secutus
1131 3635 1180 3688 est,
1200 3629 1278 3678 etiam
1293 3629 1458 3679 Phavorinus

259 3716 278 3767 l.
297 3717 313 3769 l.
333 3717 370 3767 ita
389 3716 450 3780 egit.
486 3717 535 3766 Est
554 3725 639 3767 autem
667 3718 695 3766 in
714 3718 811 3783 aprico,
832 3734 910 3784 quam
931 3717 1009 3768 facile
1030 3717 1107 3768 libris
1133 3718 1170 3768 ita
1190 3719 1316 3768 ordinatis
1346 3720 1384 3768 uti
1411 3735 1458 3786 po·

259 3804 357 3854 tuerint
375 3820 477 3864 omnes,
495 3821 606 3871 quorum
626 3807 751 3856 intererat
764 3813 885 3856 auctores
904 3807 931 3856 in
945 3805 1057 3870 singulis
1071 3805 1192 3856 historiis
1210 3805 1368 3855 dissidentes
1379 3821 1457 3871 quam

260 3891 396 3942 celerrime
416 3908 582 3957 cognoscere.

360 3977 371 4014 ³
390 3981 469 4046 Quod
488 3983 521 4032 ab
534 3981 671 4034 Herchero
690 3984 708 4035 l.
727 3984 744 4035 l.
764 4001 789 4050 p.
809 3996 860 4048 307
879 3985 1014 4047 cognitum
1037 3990 1083 4034 est.
1121 3983 1190 4035 Nota
1210 3982 1278 4049 apud
1288 3982 1457 4033 Parthenium

260 4069 396 4135 quinquies
414 4067 461 4137 (ad
480 4071 551 4122 sabb.
575 4084 614 4132 ιο,
636 4085 676 4132 12,
697 4085 739 4136 30,
758 4083 799 4136 32,
820 4069 866 4140 36)
887 4078 1001 4139 apparet,
1022 4073 1091 4138 apud
1102 4072 1270 4122 Antoninum
1289 4087 1344 4121 eam
1366 4078 1458 4137 quater

259 4159 286 4206 in
306 4158 398 4209 codice
417 4157 470 4222 legi
489 4156 535 4225 (ad
553 4159 626 4213 sabb.
648 4173 688 4223 14,
709 4174 750 4226 34,
767 4163 809 4224 36,
824 4173 872 4225 37;
893 4177 953 4211 num
974 4161 1006 4210 ad
1026 4160 1078 4210 lab.
1101 4160 1215 4210 6luerit
1237 4161 1309 4228 olim,
1328 4161 1379 4211 iam
1402 4175 1457 4210 non
1481 4157 1485 4164 '

258 4246 370 4296 iudicari
387 4244 494 4314 potest).
531 4246 610 4296 Omni
629 4248 710 4310 igitur
728 4256 817 4299 carent
835 4249 993 4316 ascriptione
1007 4248 1143 4298 Parthenii
1164 4249 1235 4300 sabb.
1252 4261 1292 4314 17,
1303 4260 1346 4309 20,
1359 4261 1400 4306 21,
1413 4259 1455 4312 23,

260 4346 308 4400 243
330 4335 462 4385 Antonini
482 4336 553 4388 sabb.
572 4347 607 4398 40
630 4342 656 4386 et
681 4348 723 4401 41.
761 4337 840 4403 Quod
865 4337 1023 4387 scholiastae
1047 4352 1125 4403 quam
1147 4337 1315 4387 librariorum
1340 4336 1456 4386 incuriae

259 4423 324 4473 vitio
343 4430 445 4474 vertere
463 4425 562 4477 malim.
587 4425 717 4475 Nimirum
737 4427 809 4490 quod
828 4427 877 4476 ista
895 4425 1065 4489 neglegentia
1083 4427 1238 4492 plerumque
1257 4426 1285 4475 in
1305 4425 1396 4474 vicinis
1415 4441 1456 4474 oc-

260 4513 336 4562 currit
356 4512 462 4578 sabulis,
481 4513 528 4562 ubi
547 4513 691 4563 scholiasta
709 4515 858 4564 dormitaret
875 4515 964 4574 fuisse,
983 4529 1044 4565 meo
1065 4516 1120 4565 iure
1139 4514 1277 4568 concludo.
1307 4537 1309 4544 v

358 4596 428 4652 4Cs.
450 4601 527 4651 etiam
546 4601 678 4652 Knaaclrii
697 4601 714 4654 1.
734 4602 751 4652 l.
771 4619 797 4668 p.
818 4603 842 4653 6.
