3490 5286
308 499 429 560 insitiva
451 518 519 560 esse
543 502 574 559 in
594 503 697 578 aprico
719 509 776 560 est.
820 502 1025 576 Interpolator
1046 501 1095 562 hic
1122 520 1161 560 eo
1183 503 1331 578 procedit,
1353 510 1386 560 ut
1408 502 1502 560 libelli

310 603 426 660 auctori
447 603 549 679 palam
570 603 753 677 refragetur:
786 601 961 660 Antoninus
984 602 1114 661 bestiam
1137 600 1176 677 (v.
1205 601 1254 674 18)
1277 597 1427 681 ὑλοφάγον
1448 620 1501 677 ap·

309 703 439 781 pellavit,
458 705 610 779 glossator
633 701 671 780 (v.
690 701 741 776 22)
762 698 939 780 ξιιλοφάγον;
961 703 1012 762 ille
1032 705 1164 762 narravit
1185 700 1225 780 (v.
1252 700 1301 781 18)
1324 702 1372 762 καὶ
1393 699 1502 781 ἐγένετο

309 799 453 884 ὕλοφάγος
468 793 624 883 κεράμβοξ,
648 805 696 863 hic
714 805 753 878 (v.
768 803 820 880 22)
842 787 923 876 οὗτος
943 800 1104 884 ξυλοφάγος
1122 805 1192 882 βοῦς
1210 805 1345 878 καλεῖται,
1368 801 1448 880 παρὰ
1470 799 1501 864 δὲ

312 900 466 978 Θετταλοῖς
485 902 639 984 sepniatis}

192 1019 288 1083 [ταας
408 1025 438 1084 p.
456 1023 526 1080 223,
545 1024 577 1066 11
593 1026 637 1084 sq.
674 1008 788 1067 Terrae
819 1017 851 1066 et
876 1008 1016 1083 regiones
1042 1025 1097 1083 per
1119 1025 1195 1083 quas
1218 1007 1384 1066 Mercurius
1406 1007 1501 1064 boves

308 1105 457 1182 Apollinis
480 1117 595 1185 egerat,
625 1111 792 1168 secundum
816 1111 907 1170 situm
929 1118 961 1169 et
983 1111 1062 1168 viam
1087 1111 1137 1168 dei
1160 1128 1252 1186 quam
1277 1108 1502 1168 accuratissime

265 1191 267 1196 ¹
309 1226 345 1265 ex
373 1209 481 1266 ordine
508 1217 732 1270 enumerantur.
776 1209 871 1283 Quod
898 1212 1190 1287 quiobservaverit,
1223 1209 1388 1268 haesitabit
1410 1229 1436 1268 v.
1465 1223 1500 1282 15

308 1309 340 1366 in
359 1303 422 1387 ἄχρι
448 1303 559 1388 Τεγέας
577 1309 627 1369 καὶ
643 1307 777 1394 ἐντεῦθεν
798 1309 879 1390 παρὰ
899 1308 931 1371 τὸ
947 1308 1084 1371 Λύκαιον
1101 1307 1166 1389 ὄρος
1185 1300 1338 1391 ἐπορεύετο
1358 1309 1407 1369 καὶ
1422 1305 1503 1387 παρὰ

309 1407 340 1468 τὸ
361 1405 531 1470 Μαινάλιον
551 1410 601 1470 καὶ
621 1409 669 1483 τὰς
688 1407 843 1490 λεγομένας
864 1403 978 1472 Βάττου
1000 1407 1126 1485 σκοπιάς.
1172 1414 1370 1472 Mutaverunt
1394 1414 1501 1470 sedem

308 1499 443 1570 Λύκαιον
465 1508 684 1574 ειΜαινάλιον.
715 1513 833 1590 Nempe
855 1514 895 1573 ab
918 1515 992 1572 urbe
1008 1515 1115 1590 Tegea
1137 1516 1162 1573 si
1183 1517 1250 1591 quis
1273 1515 1303 1571 in
1316 1513 1501 1572 Messeniam

309 1613 408 1671 tendit
429 1611 481 1691 (cf.
504 1633 530 1673 v.
548 1613 611 1693 23),
635 1616 716 1674 brevi
737 1615 779 1674 ad
800 1615 974 1674 Maenalum
1001 1625 1138 1674 montem
1166 1617 1217 1691 qui
1247 1632 1310 1673 non
1332 1614 1460 1672 multum
1483 1633 1502 1671 a

309 1711 441 1789 Tegeal
462 1716 578 1783 aberat,
602 1717 748 1793 pervenit,
771 1717 884 1776 deinde
906 1718 979 1775 satis
995 1719 1089 1792 longo
1110 1717 1266 1776 intervallo
1283 1716 1443 1775 interiecto
1460 1716 1501 1772 ad

308 1815 461 1892 Lycaeum
488 1817 520 1875 in
548 1817 721 1877 Messeniae
743 1818 957 1893 Arcadiaeque
984 1819 1114 1878 confinio
1142 1820 1241 1879 situm.
1285 1817 1377 1876 Addo
1409 1817 1499 1876 aliud.

310 1919 472 1994 Loquendi
502 1921 695 1978 consuetudo
723 1920 990 1996 transpositionem
1018 1921 1162 1997 postulat.
1213 1920 1360 1978 Nimirum
1390 1919 1502 1978 Graeci

310 2022 361 2097 qui
383 2015 399 2079 ὃ
419 2017 577 2091 Μαίναλος
598 2030 629 2078 et
647 2017 679 2079 τὸ
693 2016 854 2079 Μαίναλον
873 2022 986 2098 passim
1007 2021 1161 2089 dicebant,
1183 2016 1352 2079 Μαινάλιον
1371 2021 1395 2079 si
1417 2037 1503 2077 usur·

310 2124 426 2198 pabant
462 2122 643 2182 adiectivam
679 2121 816 2190 formam,
857 2118 921 2200 ὄρος
955 2140 1074 2198 semper
1111 2124 1287 2198 apposuisse
1324 2122 1463 2180 videntur
1478 2117 1500 2182 2.

311 2224 445 2299 Scriptor
475 2241 547 2298 ergo
582 2224 669 2282 dedit
695 2225 818 2282 litteris:
851 2222 901 2282 καλ
926 2219 1062 2282 ἐντεῦθεν
1089 2220 1167 2298 παρὰ
1194 2219 1413 2282 τὸΜαινάλιον
1438 2217 1504 2300 ὄρος

309 2321 460 2402 ἐπορεύετο
481 2324 532 2384 καλ
555 2321 635 2404 παρὰ
656 2321 687 2384 τὸ
709 2320 845 2384 Λύκαιον
864 2324 925 2383 κτλ.

408 2447 437 2504 p.
450 2442 519 2504 223,
531 2442 567 2500 31
594 2427 708 2486 tradita
728 2435 799 2486 sunt
819 2421 928 2505 λέγεται
950 2421 981 2485 δὲ
1002 2424 1052 2484 καὶ
1074 2414 1191 2497 ὄτόπος
1205 2413 1423 2503 παροδεοὸντων
1437 2421 1501 2502 ἄχρι

310 2531 362 2587 νῦν
383 2524 486 2586 οκοπιά
499 2515 622 2587 Βάττου.
650 2527 817 2588 Schneider
839 2535 962 2604 propter
977 2547 1003 2587 v.
1019 2526 1055 2585 16
1077 2524 1126 2598 τὰς
1145 2522 1300 2605 λεγομένας
1309 2524 1423 2585 Βάττου
1438 2545 1500 2585 ono·

311 2625 378 2700 πιολς
402 2628 569 2686 rectissime
596 2625 711 2687 σκοπιαὶ
740 2629 885 2698 correxit;
921 2628 1036 2688 deinde
1058 2628 1126 2705 παρ’
1150 2621 1305 2687 ὁδευόντων
1333 2628 1416 2685 nulla
1438 2628 1501 2685 fere

311 2731 481 2790 mutatione
501 2730 891 2805 scriptitaveruntBastium
907 2730 1003 2789 secuti
1017 2731 1169 2790 editores:
1191 2731 1293 2788 nescio
1315 2747 1356 2787 an
1377 2729 1501 2786 verbum

311 2831 514 2908 compositum
536 2832 621 2908 quod
636 2831 759 2907 egregie
781 2831 931 2902 convenit,
954 2833 1056 2908 potius
1077 2832 1116 2889 sit
1135 2831 1218 2889 haud
1234 2839 1392 2907 temptare,
1415 2848 1501 2906 prae·

310 2935 414 2992 sertim
428 2951 498 2991 curn
509 2931 635 2990 articulo
646 2932 723 2990 male
736 2950 894 2990 careamus
910 2941 941 2991 et
953 2932 1141 2991 Antoninum
1153 2925 1291 3010 λέγεται..
1302 2926 1370 3009 παρ’
1388 2926 1503 2990 ὁδεύου-

310 3034 557 3110 descripturum
579 3031 673 3092 fuisse
701 3042 946 3091 consentaneum
973 3033 1027 3106 sit3
1064 3033 1102 3093 cf.
1132 3052 1161 3109 p.
1188 3047 1256 3107 209,
1282 3031 1336 3103 28;
1376 3047 1445 3105 215,
1465 3047 1501 3105 43

312 3134 380 3204 228,
397 3149 435 3208 24
442 3150 450 3204 ;
474 3148 543 3206 204,
560 3132 608 3194 26.
641 3133 746 3206 Quare
760 3133 864 3192 malim
877 3128 986 3212 λέγεται
1001 3128 1033 3192 δὲ
1052 3131 1103 3192 καὶ
1122 3125 1138 3192 ὁ
1159 3128 1244 3204 τόπος
1265 3128 1330 3212 ἄχρι
1352 3137 1404 3192 νῦν
1424 3126 1501 3213 (ὑπὸ

309 3226 385 3314 τῶν)
407 3229 623 3313 παροδεοόντιιν
644 3232 760 3293 σκοπιαὶ
781 3229 904 3295 Βάττου.
942 3252 945 3258 ·

193 3344 290 3408 sabas
409 3355 438 3412 p.
456 3350 559 3409 225,2
592 3329 746 3395 κατέπεσον
766 3331 796 3407 ἐς
814 3330 868 3413 τὴν
888 3338 955 3413 γῆν,
976 3336 1067 3394 immo
1088 3333 1130 3408 εἰς
1150 3332 1203 3414 τὴν
1224 3339 1289 3414 γῆν.
1330 3336 1502 3394 Antoninus

311 3438 391 3496 enim
412 3437 580 3523 pleniorem
601 3437 730 3495 formam
751 3437 824 3496 alias
847 3437 962 3496 centies
988 3447 1096 3513 quater
1117 3439 1214 3497 solam
1237 3436 1371 3496 adhibet.
1414 3437 1501 3493 idern

311 3541 353 3596 ad
379 3539 574 3598 Parthenium
600 3540 691 3607 valet,
726 3538 774 3596 cui
804 3556 873 3596 cum
898 3534 940 3608 εἰς
965 3539 1185 3614 undeoctogies
1219 3547 1352 3613 usurpet,
1386 3533 1415 3608 ἐς
1436 3539 1504 3594 bre·

311 3641 424 3698 viorem
453 3640 580 3699 formam
609 3641 708 3700 sexies
742 3639 886 3698 traditam
919 3636 960 3716 (p.
988 3655 1055 3714 153,
1083 3638 1117 3696 18
1126 3656 1133 3708 ;
1171 3639 1236 3712 158,
1260 3654 1313 3709 ²03
1355 3639 1421 3707 roo,
1445 3653 1501 3712 3o;

315 3740 383 3815 165,
398 3757 449 3811 21;
476 3741 543 3812 180,
556 3741 612 3816 26;
640 3731 756 3816 163,17
781 3740 829 3800 ed.
843 3729 1078 3815 westermann.)
1101 3736 1324 3799 adimendam³
1344 3755 1413 3798 esse
1434 3754 1503 3812 pro-

312 3843 413 3901 babile
435 3851 491 3903 est.

411 3965 441 4023 p.
458 3961 527 4020 225,
548 3961 582 4004 12
599 3939 772 4024 συνεπήγετο
785 3939 857 4020 μεθ’
873 3939 963 4004 αὑτοῦ
982 3937 1139 4005 καὶὛλαν.
1169 3932 1392 4020 Σονεπὰγεοθαι
1406 3938 1503 3997 solum

415 4216 426 4255 ¹
444 4220 565 4271 Phaedro
584 4220 722 4270 Maenalus
740 4215 904 4284 ‘Tegeaeus'
927 4220 1009 4269 audit.

410 4305 422 4343 λ
440 4309 478 4362 cf.
489 4309 576 4361 Strab.
590 4311 663 4370 VIII,
674 4326 700 4376 p.
712 4311 763 4372 389
777 4307 833 4377 (ed.
844 4309 927 4359 Mein.
937 4325 963 4374 p.
976 4319 989 4374 5
994 4310 1051 4375 5o);
1071 4310 1182 4361 Pausan.
1199 4309 1274 4368 VIII,
1286 4319 1311 4374 3,
1325 4323 1354 4374 43
1372 4310 1409 4361 ib.
1421 4311 1462 4372 36,
1476 4319 1503 4372 5;

312 4398 422 4449 Theocr.
441 4399 463 4458 Ι,
485 4411 534 4462 124
553 4405 579 4448 et
597 4398 633 4450 ib.
654 4397 767 4463 scholia;
789 4397 881 4464 Apoll.
902 4396 995 4447 Rhod.
1014 4399 1035 4458 Ι,
1056 4409 1121 4462 770;
1140 4397 1213 4449 alias.
1242 4425 1275 4434 -
1306 4397 1392 4447 Etiam
1410 4403 1504 4464 poetae

311 4487 399 4538 Latini
421 4487 490 4538 bunc
508 4503 583 4538 usum
601 4502 749 4546 servavere;
781 4487 814 4538 ci.
833 4486 881 4537 Ov.
901 4496 959 4537 met.
980 4487 1001 4546 I,
1023 4487 1087 4552 2165
1116 4487 1153 4538 ib.
1172 4487 1207 4546 II,
1227 4498 1288 4552 415,
1307 4499 1374 4552 4445
1402 4484 1504 4548 Vergil.

313 4576 396 4640 eclog.
415 4577 453 4636 X,
466 4587 507 4642 55.

412 4660 424 4698 Β
444 4665 522 4729 Quod
541 4666 618 4716 etiam
637 4664 753 4716 Hercher
771 4664 896 4729 neglexit.
