3490 5286
778 305 985 384 ...46-

283 517 336 558 cur
350 497 479 558 omissus
501 497 540 555 sit
562 503 593 554 'et
615 495 714 554 omitti
734 493 876 570 potuerit,
900 495 965 550 luce
988 500 1021 549 ut
1043 492 1160 567 opinor,
1177 492 1284 552 clarius
1307 501 1363 554 est.
1391 491 1477 550 Hau·

283 602 321 658 sit
344 593 533 657 scholiasta1
555 615 593 654 ex
616 596 775 654 notissimo
793 594 945 669 scriptoris
969 611 1060 668 quem
1082 594 1255 652 testabatur
1268 612 1371 670 opere,
1394 595 1477 668 quod

283 700 462 777 aequalibus
484 699 528 757 ita
550 699 653 756 tritum
675 706 706 754 et
727 696 936 771 pervulgatum
963 703 1036 770 erat,
1057 702 1091 752 ut
1112 688 1149 766 ὥς
1171 712 1241 772 φησι
1265 693 1427 773 Πάμφιλος
1447 691 1478 752 ἓν

282 796 311 858 α’
328 802 352 858 si
367 802 465 866 daret,
486 801 527 858 de
543 800 686 857 librorum
697 796 906 872 vinscriptione
928 795 1080 854 neminem
1096 794 1161 852 fore
1177 795 1227 870 qui
1249 796 1425 870 ambigeret,
1450 796 1477 852 ei

283 902 470 978 exploratum
502 908 593 958 esset.
638 898 718 956 Num
745 897 829 954 cadit
854 897 933 955 haec
963 897 1041 955 ratio
1068 896 1099 953 in
1122 896 1269 972 Pamphili
1291 898 1331 954 de
1353 891 1479 954 herbisl

283 998 394 1061 libros?

382 1102 640 1160 Proficiscendum
676 1107 722 1158 est
750 1118 769 1158 a
798 1099 911 1157 Suidae
933 1098 1039 1156 tabula
1062 1097 1298 1173 Pamphiliorum
1328 1098 1478 1167 librorum,

283 1223 374 1282 quam
396 1205 483 1262 nimis
511 1222 588 1262 sane
618 1209 806 1259 contractam
834 1218 903 1258 esse
929 1200 1112 1275 permoleste
1141 1200 1271 1259 ferimus.
1315 1199 1414 1257 Primo
1437 1200 1478 1257 ibi

283 1307 351 1364 loco
370 1305 518 1381 Pamphili
541 1304 707 1362 afferuntur
728 1303 793 1361 libri
810 1297 917 1377 λειμών
939 1301 1081 1377 inscripti,
1103 1302 1212 1377 quibus
1235 1303 1318 1359 varia
1340 1318 1479 1376 compre·

282 1406 379 1466 hensa
401 1406 493 1464 luisse
516 1412 680 1464 annotatur
691 1399 715 1464 ⁸.
745 1404 847 1478 Atque
870 1411 904 1461 ut
926 1403 1025 1461 dicam
1049 1403 1134 1476 quod
1156 1402 1265 1471 senti0,
1287 1401 1425 1478 quamvis
1447 1402 1478 1458 in

282 1526 365 1566 mera
382 1525 431 1566 me
447 1507 502 1564 niti
519 1505 694 1564 coniectura
709 1507 805 1580 probe
820 1504 924 1571 sciam,
941 1523 980 1562 ex
994 1511 1083 1578 prato
1096 1502 1245 1578 Pamphili
1260 1511 1293 1560 et
1313 1502 1479 1560 scholiasta
1584 1531 1586 1542 =

284 1618 390 1668 noster
412 1617 442 1666 et
462 1603 666 1666 Athenaeus4
688 1615 719 1664 et
741 1606 847 1664 nescio
871 1606 938 1682 quis
961 1605 1163 1663 recentiorum
1189 1605 1479 1681 mythographorum

282 1705 364 1782 ξένας
392 1707 441 1767 καὶ
473 1704 622 1785 ἀτρίπτους
646 1707 814 1766 hauserunt
840 1701 966 1782 ἱστορίας
991 1707 1185 1781 maximeque
1215 1707 1479 1782 metamorphoses

283 1829 363 1886 quae
389 1805 430 1868 ad
462 1819 561 1868 certas
588 1809 782 1884 pertinebant
809 1809 949 1883 regiones
974 1816 1005 1866 et
1028 1808 1129 1875 urbes,
1163 1807 1203 1864 ad
1226 1807 1365 1865 instituta
1389 1825 1476 1866 sacra

283 1914 435 1988 ludosque
457 1913 594 1984 deorum,
617 1912 658 1968 ad
680 1910 805 1968 nomina
828 1910 981 1967 intellectu
1005 1908 1138 1966 difficilia
1160 1909 1315 1978 montium,
1337 1909 1476 1977 fontium,

283 2013 403 2071 lacuum
431 2011 580 2071 similium.
624 2008 719 2081 Quod
746 2011 789 2068 ita
818 2027 836 2066 a
866 2009 1024 2085 Pamphilo
1051 2017 1085 2067 ut
1111 2006 1337 2083 grammatico⁵
1365 2009 1478 2068 factum

283 2131 351 2171 esse
366 2113 522 2181 sumimus,
539 2119 572 2170 ut
584 2111 770 2186 singulorum
785 2111 964 2186 scriptorum
977 2110 1150 2169 testimonia
1167 2111 1329 2186 diligenter
1342 2128 1477 2186 appone-

283 2224 337 2276 ret.
381 2214 489 2289 Neque
511 2213 619 2271 iniuria
640 2230 714 2287 ergo
737 2211 939 2270 abUrlichsio
964 2212 980 2271 l.
997 2230 1022 2274 c.
1068 2212 1207 2270 Favorini
1230 2209 1400 2289 παντοδαπὴ
1423 2205 1479 2288 ὕλη

284 2324 462 2395 comparata
485 2323 541 2384 est,
564 2315 595 2370 in
617 2332 678 2391 qua
700 2314 820 2372 fuerunt
843 2323 877 2372 ut
893 2314 992 2372 Photii
1006 2322 1075 2372 utar
1090 2313 1187 2372 verbis
1203 2309 1223 2389 ⁶,
1248 2307 1384 2391 διάφοροι
1402 2305 1478 2387 ipro·

283 2413 344 2495 ρίαι
368 2415 418 2476 καλ
443 2419 498 2474 τῶν
523 2410 595 2473 κατὰ
615 2406 649 2472 τοὶ
676 2409 805 2492 ὀνόματα
827 2409 938 2474 θέσεων
959 2410 1152 2493 αἰπολογιίιι7
1172 2411 1220 2473 καὶ
1243 2417 1359 2472 τοιαῦτα
1389 2407 1478 2489 ἕτερον.

381 2517 450 2575 Hac
482 2500 613 2593 probata
639 2517 815 2574 coniectura
844 2534 935 2592 quam
961 2517 1139 2576 firmioribus
1167 2515 1254 2574 velim
1285 2514 1334 2573 alii
1356 2514 1481 2572 fulciant

284 2619 469 2693 argumentis
499 2625 530 2675 et
556 2617 779 2694 constabiliant,
811 2616 969 2694 Pamphilii
996 2618 1097 2694 operis
1125 2618 1210 2692 quod
1239 2615 1347 2674 crassis
1376 2614 1477 2674 adhuc

385 2794 395 2832 1
413 2801 506 2862 Itaque
520 2797 666 2863 Phylarchi
683 2795 805 2847 historias
824 2797 1006 2861 intellegemus
1026 2797 1101 2846 libris
1120 2797 1214 2860 viginti
1231 2803 1291 2846 octo
1309 2798 1479 2864 compositas.

284 2887 407 2938 Dubitari
419 2893 507 2952 potest
526 2888 559 2936 de
572 2887 704 2938 Neanthe.
741 2887 841 2938 Miiller
859 2889 890 2938 F.
903 2889 939 2939 H.
953 2887 985 2938 G.
999 2888 1041 2936 III
1060 2898 1111 2951 p.2
1131 2886 1265 2935 Parthenii
1284 2885 1337 2938 fab.
1353 2898 1386 2950 33
1400 2887 1478 2936 libris

284 2974 338 3026 τῶν
356 2969 423 3026 κατὰ
441 2968 524 3027 πόλιν
540 2975 668 3044 μυθικῶν
686 2975 812 3028 attribuit.
842 2976 920 3040 Quod
939 2992 1000 3025 num
1019 2981 1090 3024 recte
1108 2974 1204 3024 sactum
1223 2975 1257 3024 sit
1276 2973 1378 3027 dubito.

383 3055 491 3115 ²”Eorr
511 3061 543 3115 δὲ
562 3064 693 3116 ποικίλων
711 3057 838 3132 περιοχῆς
863 3065 896 3116 cl.
923 3063 1171 3114 commentationem
1194 3063 1320 3114 Urlichsii
1347 3064 1375 3113 in
1393 3064 1480 3117 Musei

285 3151 409 3202 Rhenani
427 3168 488 3204 nov.
507 3167 557 3202 ser.
576 3151 627 3204 vol.
648 3153 720 3202 XVI
739 3169 764 3219 p.
783 3165 835 3218 254
855 3169 893 3219 sq.

384 3235 467 3306 ³Qui
486 3257 640 3308 quamquam
661 3241 756 3292 Galeni
776 3247 860 3292 aetate
882 3241 978 3290 affatim
997 3240 1180 3300 volvebantur,
1198 3248 1284 3291 tamen
1308 3241 1422 3290 aSuida
1445 3257 1479 3291 ne

285 3336 525 3380 commemorantur
543 3329 656 3394 quidem,
677 3329 722 3395 qui
741 3335 844 3395 praeter
862 3327 1007 3392 glossarum
1027 3330 1112 3380 libros
1132 3329 1270 3396 Pamphilo
1291 3329 1382 3379 tribuit
1400 3329 1478 3381 haec:

286 3419 323 3474 εἰς
345 3413 377 3468 τὰ
394 3410 551 3484 Νικάνδρου
568 3411 727 3486 ἀνεξήγητα,
753 3420 799 3469 καὶ
816 3414 848 3469 τοὶ
868 3409 1022 3489 καλούμενα
1038 3410 1142 3480 Ὀπικά,
1165 3421 1265 3488 τέχνην
1282 3410 1410 3487 κριτικήν,
1434 3419 1480 3468 καὶ

285 3500 351 3556 ἄλλα
370 3506 484 3556 πλεῖστα
501 3499 688 3576 γραμματικά.

384 3589 396 3626 4
419 3593 650 3655 Wilamowitzius,
676 3595 694 3647 l.
712 3595 729 3646 l.
754 3596 965 3646 commonstravit
991 3585 1075 3647 viam:
1112 3592 1195 3645 ‘Dass
1222 3594 1376 3661 Pamphiles
1403 3597 1479 3646 iiber-

285 3680 367 3748 haupt
388 3682 481 3733 solche
500 3683 695 3750 Sagenquellen
714 3684 870 3747 gesammelt
895 3684 948 3746 hat,
974 3684 1009 3734 ist
1032 3685 1060 3749 ja
1082 3700 1135 3733 von
1154 3697 1273 3746 grossem
1288 3683 1390 3746 Belang
1408 3701 1429 3736 z.
1448 3685 1479 3735 B.

286 3770 328 3820 srir
347 3771 390 3820 die
409 3771 599 3836 Beurtheilung
619 3772 667 3822 der
686 3772 843 3835 entlegenen
858 3772 1037 3823 Poetencitate
1056 3771 1101 3822 bei
1115 3765 1290 3822 Athenaeus’.
1315 3772 1412 3822 Habeo
1433 3772 1480 3821 rni-

286 3874 343 3908 rum
366 3875 442 3925 quarn
463 3866 551 3926 aptum
571 3861 720 3926 exemplum
739 3861 767 3910 in
786 3868 918 3927 promptu.
954 3861 1070 3911 Evolvas
1090 3858 1190 3911 Athen.
1209 3861 1290 3918 xm,
1310 3871 1359 3925 573
1373 3861 1406 3925 E,
1431 3860 1479 3909 ubi

287 3948 321 3998 de
339 3948 451 3998 Veneris
472 3948 533 3998 sano
552 3949 667 4014 quodam
686 3948 793 4000 condito
817 3949 887 4014 apud
905 3949 1053 4015 Abydenos
1079 3947 1166 3998 sabula
1191 3947 1315 3998 amatoria
1334 3963 1385 4012 ope
1403 3949 1479 3997 Pam·

285 4035 355 4101 phili
373 4051 404 4085 ex
422 4036 517 4086 eodem
536 4045 639 4104 sumpta
658 4043 697 4088 est
712 4037 842 4098 Neanthe‚
864 4037 937 4088 cuius
952 4036 1104 4087 memoriam
1118 4035 1259 4102 Pamphilo
1278 4034 1407 4086 litterator
1418 4037 1479 4086 Par·

286 4125 425 4175 thenianus
439 4123 500 4191 (sab.
513 4124 558 4192 33)
572 4125 673 4178 debuit.
692 4127 836 4192 Apponam
849 4125 968 4176 initium:
980 4117 1083 4192 πόρνης
1101 4122 1133 4175 δὲ
1143 4119 1315 4194 Ἀφροδίτης
1335 4117 1409 4192 ἱερόν
1421 4124 1477 4176 ἐστι

287 4207 361 4280 παρὰ
378 4208 550 4276 Ἀβυδηνοῖς,
576 4209 611 4270 ὥς
629 4230 699 4282 φησι
717 4207 877 4284 Πάμφιλος,
895 4214 1080 4282 κατεχομένης
1099 4207 1153 4280 γὰρ
1175 4210 1224 4276 τῆς
1247 4206 1353 4268 πόλεως
1371 4211 1479 4280 δουλελη

286 4295 347 4356 τοὺς
366 4295 501 4370 φρουροὺς
517 4297 579 4358 τοὺς
601 4299 631 4352 ἰν
649 4295 714 4373 αὐτῇ
733 4295 879 4363 θύσοντας,
905 4297 942 4359 ὠς
960 4301 1064 4369 ἱστορεῖ
1078 4293 1207 4364 Νεάνθης
1225 4297 1308 4366 (recte
1328 4316 1359 4350 ex
1380 4293 1479 4352 Κλεάν·

288 4393 339 4452 θης
357 4387 434 4454 corr.)
454 4385 484 4438 ἐν
501 4392 557 4446 τοῖς
574 4393 714 4446 Μυθικοῖς
732 4389 786 4442 κτλ.
948 4428 951 4436 -

385 4473 397 4508 ⁵
415 4475 454 4530 Cf.
468 4477 586 4543 Hesych.
601 4477 643 4530 ed.
653 4479 738 4530 Maur.
748 4477 873 4530 Schmidt.
893 4493 917 4543 p.
926 4477 1110 4544 CLXXXVI,
1124 4482 1150 4526 et
1163 4491 1241 4541 supra
1253 4492 1278 4542 p.
1291 4487 1323 4541 45
1339 4493 1396 4530 ann.
1413 4490 1440 4529 2.
1453 4491 1478 4540 4.

387 4560 506 4615 ePhotii
524 4566 650 4619 biblioth.
670 4567 728 4620 cod.
753 4567 798 4616 161
820 4583 846 4632 p.
869 4578 927 4634 103,
954 4578 963 4614 1
988 4567 1029 4618 ed.
1047 4565 1161 4616 Bekker.

388 4646 457 4706 7Ct.
476 4655 606 4706 Antonini
626 4654 698 4707 sabb.
722 4668 760 4716 ιτ,
783 4667 822 4719 13,
843 4667 884 4719 30,
905 4667 947 4718 31,
968 4667 999 4721 35
1020 4655 1094 4707 alias.
