3490 5286
729 378 996 467 ⁸·-44-

294 547 335 606 ibi
356 556 403 607 est
425 548 466 605 de
488 547 728 625 metamorphosi
750 547 913 606 testudinis
936 546 1085 608 terrestris
1106 549 1265 608 annotatio
1287 550 1408 608 aBoeo
1431 551 1488 608 uti·

294 666 354 724 que
381 647 487 720 aliena,
521 649 624 706 eidem
652 658 755 708 tamen
780 658 892 725 poetae
920 649 959 708 ab
982 648 1142 708 Athenaeo
1171 645 1342 708 obtrusa?1
1385 650 1487 710 Unum

292 767 373 807 nunc
395 750 519 828 addam,
541 767 603 825 quo
627 751 800 808 litteratoris
823 751 899 809 fides
922 751 953 808 in
974 751 1148 808 universum
1171 752 1379 810 commendari
1401 753 1485 811 vide·

292 859 340 909 tur
352 848 373 912 ².
417 850 520 910 Etiam
541 870 602 910 una
627 853 800 926 eademque
823 852 848 910 si
875 851 1012 926 proditur
1034 851 1143 922 sabula,
1172 852 1251 910 inter
1271 853 1369 911 varios
1392 855 1486 913 varia-

292 971 356 1010 rum
379 970 477 1010 rerum
499 960 641 1011 auctores
664 953 827 1027 diligenter
853 953 999 1011 distinxit.
1043 951 1113 1010 Hoc
1138 953 1169 1009 in
1195 953 1385 1012 narrationes
1408 971 1487 1029 quae

292 1062 361 1111 sunt
377 1055 418 1110 de
434 1053 570 1130 Byblide‚
587 1053 669 1111 cadit
683 1053 881 1128 potissimum.
905 1053 1027 1111 Etenim
1042 1055 1084 1112 ad
1098 1052 1329 1112 Parthenianam
1342 1049 1415 1130 (fab.
1437 1053 1486 1129 11)

292 1155 450 1213 annotavit
472 1147 579 1231 ἱστορεῖ
593 1141 802 1231 Ἀριστόκριτος
822 1151 886 1232 περὶ
901 1149 1041 1231 Μιλήτου
1062 1151 1111 1211 καὶ
1130 1148 1324 1225 Ἀπολλώνιος
1345 1147 1360 1213 ὃ
1382 1147 1489 1225 Ῥόδιος

292 1243 418 1313 Καύνου
438 1247 535 1332 κτίσει,
559 1255 600 1312 ad
614 1254 853 1313 Antoninianam
875 1250 948 1332 (fab.
961 1247 1014 1333 30)
1037 1248 1144 1331 ἱστορεῖ
1165 1250 1329 1332 Νίκανδρος
1348 1247 1487 1331 ἔτεροιου-

290 1350 387 1431 μένων
407 1351 445 1432 β’.
489 1355 624 1413 Tantum
647 1356 766 1414 interim
794 1356 833 1412 de
863 1355 924 1414 fide
947 1355 1174 1434 ascriptionum.

390 1457 454 1516 Iam
485 1457 527 1514 de
557 1457 672 1532 origine
706 1457 838 1516 breviter
873 1457 1038 1516 videamus.
1093 1456 1352 1516 Proficiscendum
1385 1465 1488 1516 autem

292 1567 340 1616 est
371 1578 389 1616 a
416 1557 532 1616 scholio
564 1559 699 1617 omnium
731 1559 978 1634 locupletissimo,
1010 1577 1072 1635 quo
1108 1559 1195 1634 quasi
1225 1558 1356 1616 alienam
1383 1565 1488 1616 osten·

292 1667 358 1718 tare
392 1659 562 1718 doctrinam
595 1661 747 1736 puduerit,
783 1661 930 1719 litterator
963 1661 1012 1718 cui
1040 1661 1154 1718 debeat
1180 1678 1258 1728 eam,
1286 1659 1422 1735 prodidit
1448 1660 1488 1718 ad

295 1760 442 1818 Antonini
475 1762 681 1820 narrationem
718 1763 894 1837 vigesimam
931 1762 1062 1821 tertiam:
1099 1755 1204 1838 ἱστορεῖ
1239 1756 1402 1836 Νίκανδρος
1431 1753 1487 1820 ἓτε-

292 1856 469 1939 ροιονμένων
497 1857 524 1920 α’
550 1862 600 1922 καὶ
619 1857 754 1934 Ἡσίοδος
781 1859 812 1922 ἐν
842 1860 983 1942 μεγάλαις
1009 1857 1121 1934 Ἠοίαις
1143 1860 1192 1920 καῖ
1219 1856 1407 1939 Διδύμαρχος
1435 1881 1488 1935 με·

293 1956 506 2040 ταμσριγιόσεαιν
534 1967 560 2040 γ’
592 1962 641 2021 καὶ
665 1958 828 2042 Ἀντίγονος
858 1960 891 2022 ἐν
920 1966 981 2034 ταῖς
1016 1953 1183 2022 ἀλλοιώσεσι
1216 1960 1266 2020 καὶ
1297 1957 1491 2032 Ἀπολλώνιος

293 2057 308 2121 ὃ
336 2057 445 2135 Ῥόδιος
477 2059 509 2122 ἐν
540 2059 763 2142 ἐπιγράμμασιν,
794 2057 831 2135 ὥς
864 2083 932 2143 φησι
965 2053 1125 2141 Πάμφιλος
1156 2059 1187 2122 ἐν
1218 2057 1255 2124 α’.
1300 2062 1489 2121 Dubitationi

293 2165 341 2221 vix
374 2164 540 2223 obnoxium
569 2174 626 2233 est,
656 2165 729 2240 quin
760 2167 800 2224 de
828 2164 985 2242 Pamphilo
1015 2165 1174 2224 notissimo
1204 2165 1256 2222 illo
1289 2163 1488 2240 grammatico

294 2266 501 2324 Alexandrino
525 2267 723 2344 cogitandum
747 2268 794 2326 sit.
840 2267 933 2326 Porro
956 2267 1087 2326 maxime
1108 2266 1267 2343 probabile
1291 2275 1392 2324 cetera
1414 2283 1488 2340 quo-

295 2385 354 2442 que
377 2364 576 2425 testimonia⁸
601 2369 643 2426 ad
673 2369 807 2426 eundem
836 2369 934 2426 redire
956 2367 1195 2444 grammaticum.
1240 2365 1398 2425 Difficilior
1418 2384 1506 2424 vero-

294 2469 334 2525 de
356 2469 551 2545 inscriptione
575 2470 714 2546 quaestio
730 2479 777 2528 est
792 2470 857 2528 libri
870 2469 1037 2546 Pamphilii,
1061 2487 1153 2546 quam
1176 2487 1194 2526 a
1217 2467 1383 2526 scholiasta
1399 2467 1489 2526 omis-

295 2588 361 2626 sam
383 2587 449 2628 esse
472 2570 620 2630 dolemus.
666 2571 705 2628 Et
733 2589 840 2647 reapse
868 2571 1163 2646 metamorphosibus
1196 2569 1376 2646 colligendis
1400 2568 1486 2626 Pam·

294 2670 410 2747 philum
432 2689 561 2730 navasse
584 2689 709 2748 operam
738 2674 823 2730 testis
848 2681 895 2730 est
916 2673 1051 2732 Galenus
1075 2669 1147 2746 (vol.
1171 2671 1214 2730 Xl
1235 2690 1264 2747 p.
1282 2685 1339 2746 792
1366 2689 1410 2746 sq.
1434 2672 1485 2730 ed.

294 2770 420 2850 Kana),
443 2773 495 2848 qui
509 2773 585 2832 illius
603 2774 643 2830 de
661 2773 762 2831 herbis
777 2774 869 2832 libros
885 2768 953 2851 (τὴν
968 2771 1032 2850 περὶ
1048 2775 1101 2832 τῶν
1122 2773 1252 2850 βοτανῶν
1273 2766 1487 2850 πραγματείαν)

295 2872 335 2929 ob
365 2874 461 2930 aniles
492 2892 566 2950 quas
588 2874 766 2932 inseruisset
788 2875 908 2934 fabulas
936 2884 967 2932 et
996 2873 1271 2949 metamorphose8‚
1295 2871 1489 2932 acerbissime

295 2974 464 3032 insectatus
490 2983 547 3033 est.
592 2976 700 3050 Itaque
725 2975 968 3035 Wilamowitzius
993 2976 1034 3032 vir
1056 2992 1190 3032 summus
1219 2975 1250 3032 in
1273 2974 1347 3031 libro
1370 2973 1488 3048 quiin·

297 3075 436 3133 scribitur
448 3076 620 3152 Antigonus
643 3095 703 3134 von
720 3076 864 3154 Carystus
886 3096 915 3153 p.
934 3092 1001 3152 171,
1025 3076 1171 3136 scholium
1184 3076 1228 3133 vel
1251 3076 1351 3149 potius
1374 3073 1489 3133 scholia

297 3176 504 3234 Antoniniana
527 3196 565 3234 ex
587 3178 637 3235 illo
660 3177 808 3253 Pamphili
829 3179 905 3235 libro
927 3180 1109 3253 deprompta
1131 3195 1198 3236 esse
1220 3175 1378 3235 contendit
1386 3172 1409 3234 4.
1447 3175 1488 3233 At

297 3287 368 3336 sunt
396 3296 476 3353 quae
504 3288 673 3355 repugnent
700 3298 797 3356 eaque
823 3279 907 3339 haud
929 3280 1015 3340 levia.
1065 3277 1152 3354 Opus
1179 3278 1327 3354 Pamphili
1353 3295 1417 3335 non
1445 3275 1487 3333 ita

296 3397 441 3455 magnum
463 3380 557 3439 fuisse
581 3381 712 3440 videtur:
735 3382 881 3457 constitit,
905 3381 1049 3456 quoniam
1061 3377 1260 3440 Lobeckius5
1282 3377 1488 3437 recteGaleni

396 3567 530 3623 ¹Claudit
548 3574 615 3623 enirn
629 3574 783 3624 Athenaeus
802 3574 919 3624 fabulam
938 3574 1024 3626 hisce:
1043 3575 1173 3641 γενέσθαι
1194 3570 1227 3623 δὲ·
1245 3571 1317 3640 λέγει
1337 3572 1382 3634 (sc.
1398 3572 1488 3634 Βοῖος)

297 3658 326 3718 ἐξ
343 3653 421 3725 αὐτῆς
442 3659 488 3727 (sc.
508 3654 639 3731 Γερᾶνης)
658 3665 703 3714 καὶ
723 3655 934 3732 Νικοδάμαντος
958 3659 1005 3728 τὴν
1020 3665 1155 3732 χερσαίαν
1172 3653 1303 3730 χελώνην.
1340 3661 1399 3711 Nisi
1424 3660 1488 3710 forte

297 3748 448 3800 Athenaeus
467 3751 571 3818 λέγεται
594 3752 675 3812 dedit,
694 3752 761 3802 Boei
780 3751 979 3816 ornithogoniae
996 3752 1200 3819 χελωνηγσνίαν
1216 3755 1245 3800 ut
1262 3748 1298 3799 ita
1317 3749 1410 3808 dicam,
1429 3764 1490 3798 con·

296 3836 394 3889 tribuit.
414 3838 674 3890 MirorKnaackium
695 3841 816 3904 effugisse
830 3840 884 3890 tale
896 3840 962 3906 quid
981 3842 1090 3900 aBoeo,
1110 3839 1183 3903 quod
1203 3843 1272 3888 esset
1290 3838 1419 3888 librorum
1431 3837 1488 3887 eius

297 3926 435 3976 consilium
454 3925 498 3990 (ci.
509 3929 642 3979 Knaackii
662 3930 679 3980 l.
692 3929 710 3981 l.
729 3945 755 3996 p.
765 3927 800 3995 9),
818 3929 915 3979 narrari
935 3945 988 3979 non
1005 3928 1129 3994 potuisse.
1166 3926 1300 3976 Athenaei
1316 3931 1403 3975 autern
1420 3940 1490 3975 erro·

296 4031 349 4064 rem
368 4017 404 4064 ita
414 4017 528 4082 explico,
546 4023 574 4067 ut
593 4018 620 4066 in
638 4017 706 4067 libro
727 4032 805 4083 quern
825 4018 886 4068 satis
900 4017 1073 4081 neglegenter
1092 4015 1237 4080 exscripsit,
1257 4014 1290 4063 ad
1303 4013 1489 4080 praecedentia

295 4104 404 4154 relatum
421 4106 488 4156 Boei
507 4121 603 4156 nomen
621 4122 700 4172 prave
719 4106 796 4156 etiam
814 4106 847 4156 ad
863 4105 1024 4171 insequentia
1037 4105 1167 4170 pertinere
1182 4101 1329 4169 sumpserit.
1366 4100 1489 4152 Ceterum

297 4207 392 4243 nomen
411 4194 565 4259 exquisitius
588 4195 705 4245 Oenoam
726 4196 800 4246 Boeo
820 4194 891 4244 haud
909 4194 1047 4257 indiguum
1068 4208 1127 4242 esse
1146 4199 1220 4258 puto.

395 4277 407 4316 ²
425 4283 457 4332 Id
475 4283 602 4333 Rohdius
622 4284 640 4333 l.
660 4283 679 4336 l.
698 4283 794 4335 omisit.

395 4365 406 4404 θ
424 4371 556 4437 Imprimis
578 4372 759 4422 Antoniniana
777 4371 846 4422 dico.

393 4455 497 4509 “Von
515 4460 616 4522 Belang
641 4461 676 4510 ist
704 4476 742 4521 es,
761 4460 823 4511 dass
849 4476 877 4510 es
895 4459 995 4510 wieder
1013 4458 1179 4524 Pamphilus,
1200 4457 1309 4508 diesmal
1341 4457 1369 4507 in
1389 4457 1489 4507 seiuem

295 4547 478 4614 alphabetisch
502 4550 664 4611 geordneten
692 4550 746 4600 und
777 4549 835 4600 sehr
861 4547 1035 4600 rabelreichen
1060 4547 1266 4598 Kriiuterbuche
1294 4546 1337 4613 ist,
1368 4547 1415 4596 der
1441 4545 1492 4596 den

296 4635 407 4686 Dichter
427 4635 476 4701 (sc.
495 4636 659 4702 Antigonus)
679 4633 770 4692 citirt'.

394 4721 520 4775 ⁶Galeni
545 4729 623 4778 verba
642 4733 764 4793 corrupta
791 4744 815 4793 p.
837 4739 888 4792 794
917 4743 941 4777 v.
963 4738 978 4774 2
998 4743 1078 4783 σσκος
1106 4721 1162 4793 μὲν
1179 4723 1316 4792 ἒξέγραψε
1334 4721 1424 4789 βιβλία
1442 4723 1496 4772 Lo-
