3490 5286
738 325 947 388 ..35..

246 501 366 560 Dubiae
382 501 453 560 fidei
467 501 561 560 etiarn
579 496 655 560 alell
675 519 704 576 p.
720 499 789 570 218,
805 517 842 575 23
858 506 913 569 est,
934 517 1006 558 nam
1028 516 1057 575 p.
1075 514 1145 574 235,
1159 515 1196 574 32
1219 493 1264 560 ἀεὶ
1287 502 1444 579 reperitur.

246 603 355 678 Neque
377 603 545 661 diiudicare
567 602 664 660 ausim
680 602 720 660 de
739 600 841 658 formis
861 595 955 671 αἰετὸς
975 596 1016 676 (p.
1032 600 1134 674 207,8
1157 610 1189 658 et
1212 617 1282 672 220,
1301 619 1334 678 25
1347 600 1367 673 2,
1390 605 1445 664 ibi·

183 763 185 770 ,
247 705 379 780 demque
400 698 561 780 ὕψιαίετος)
589 712 620 761 et
647 693 728 774 ἀετός
753 699 795 778 (p.
820 717 891 778 223,
919 717 974 777 20,·
997 717 1067 780 225,
1090 699 1161 776 2523
1187 718 1254 773 220,
1279 699 1336 782 17).
1381 707 1445 764 Ad·

247 807 373 864 modurn
400 803 516 862 infirmo
533 805 651 862 ‘nititur
673 804 873 862 fundamento
901 822 934 878 p.
958 817 1027 880 224,
1051 817 1088 861 22
1117 792 1445 883 lttocaotm,'nempe

247 925 277 982 p.
294 905 397 984 205‚8
424 899 585 964 ἱλάσασθαι
613 914 737 982 praesto
761 913 816 966 est.
861 903 989 980 Corrigo
1014 922 1104 980 porro
1127 922 1157 979 p.
1176 920 1278 980 219,7
1303 902 1446 982 ἀρύσασα)

248 1003 299 1085 (cl.
321 1026 350 1084 p.
373 1025 408 1082 23
431 1025 501 1066 ann.
523 1023 533 1063 1
561 1001 660 1084 diss.),
683 1007 767 1082 quod
791 1024 827 1064 ex
850 1006 1049 1082 praecedenti
1069 998 1232 1080 ἅρῦσανται
1253 1015 1354 1066 ortum
1376 1027 1446 1068 esse

248 1111 375 1168 arbitror
397 1117 429 1166 et
450 1110 576 1166 alteram
598 1107 726 1166 formam
748 1108 903 1165 verbalem
924 1107 1000 1165 mira
1023 1125 1099 1166 sane
1122 1108 1333 1167 constantiae
1357 1109 1446 1167 libra·

247 1212 297 1268 riis
331 1209 504 1285 Byzantinis
537 1210 737 1284 depravatam
764 1216 991 1284 augmentoque
1018 1227 1074 1266 suo
1102 1204 1269 1268 orbatam3
1301 1201 1361 1268 ἴδεν
1390 1229 1446 1286 pro

247 1301 323 1371 elder
337 1329 367 1386 p.
382 1308 451 1384 218,
462 1327 491 1383 4.
506 1325 556 1382 20;
581 1325 650 1385 219,
666 1309 694 1370 8.
710 1326 755 1383 14.
769 1325 821 1380 213
845 1318 876 1367 et
893 1304 1019 1386 περιΐδεν
1033 1327 1088 1386 pro
1104 1307 1245 1387 περιεῖδεν
1259 1329 1289 1386 p.
1303 1325 1361 1385 215
1380 1308 1446 1372 164.

249 1413 421 1471 Sescenties
443 1411 526 1469 enim
547 1411 625 1470 haec
642 1411 779 1469 confusio
795 1410 957 1470 commissa
978 1420 1025 1469 est
1047 1411 1257 1487 inveniturque
1279 1414 1310 1471 in
1333 1414 1445 1473 eodem

249 1515 356 1572 codice
378 1512 516 1571 Palatino
539 1513 623 1588 apud
647 1508 878 1571 Partheniumt.
913 1511 1026 1570 Nescio
1050 1531 1090 1571 an
1112 1513 1224 1588 ubique
1250 1515 1388 1591 scriptori
1414 1533 1449 1576 σσ

248 1616 364 1673 restitui
386 1621 537 1691 oporteat,
565 1615 702 1688 quamvis
725 1613 897 1672 cavendum
919 1612 967 1681 sit,
998 1631 1036 1672 ne
1060 1613 1261 1674 obtrudamus
1284 1615 1312 1673 ei
1334 1633 1448 1692 aequa·

249 1717 403 1784 bilitatem,
425 1733 516 1791 quam
537 1714 604 1790 ipse
625 1732 688 1772 non
711 1713 883 1789 quaesierit.
924 1714 1013 1772 Stant
1033 1714 1114 1771 enim
1137 1733 1156 1772 a
1178 1717 1289 1776 nostris
1311 1717 1446 1792 partibus

249 1817 354 1892 viginti
378 1811 541 1891 exempla⁰
563 1810 732 1893 (φυλάσσειν
746 1833 776 1890 p.
790 1828 859 1890 207,
877 1831 931 1884 22;
953 1809 1162 1894 διαφυλάσσειν
1182 1834 1211 1892 p.
1226 1833 1296 1891 230,
1308 1833 1362 1892 24;
1385 1813 1447 1876 ἰκα-

249 1906 368 1994 peccaro
389 1934 417 1992 p.
437 1914 507 1990 208,
524 1915 556 1987 63
584 1911 722 1974 θάλασσα
743 1934 773 1991 p,
792 1931 861 1990 209,
880 1930 932 1990 23;
963 1932 1032 1991 223,
1053 1931 1083 1989 3.
1104 1930 1138 1992 7;
1167 1932 1236 1992 227,
1258 1935 1291 1993 9;
1319 1915 1449 1996 κρασσόν

250 2038 279 2095 p.
296 2033 366 2092 225,
387 2033 438 2092 27;
458 2009 550 2075 λύσσα
570 2035 599 2091 p.
621 2031 691 2086 220,
706 2014 742 2090 6;
762 2012 885 2091 μέλασσα
906 2035 936 2092 p.
955 2032 1024 2092 214,
1042 2016 1071 2075 8.
1093 2034 1138 2079 22.
1159 2035 1204 2093 23.
1229 2034 1280 2094 25;
1305 2019 1374 2094 228,
1392 2035 1447 2094 25;

251 2134 321 2193 229,
338 2132 365 2193 7.
405 2112 566 2188 Θεσσαλίας
581 2121 611 2193 p.
626 2133 695 2191 205,
711 2131 765 2191 25;
788 2110 977 2192 πρσςέτασσσν
998 2136 1029 2193 p.
1043 2132 1113 2184 220,
1125 2135 1158 2192 3;
1182 2134 1251 2194 222,
1267 2135 1320 2191 22;
1347 2117 1448 2181 Βύσσα

248 2239 278 2296 p.
292 2220 361 2289 210,
374 2237 402 2294 3.
419 2212 480 2297 22),
503 2226 610 2276 contra
633 2218 777 2276 undecim
799 2212 942 2296 (9αλάττω
965 2219 1065 2276 sexies
1088 2239 1118 2295 p.
1139 2234 1207 2295 223,
1226 2236 1256 2296 7;
1281 2221 1351 2292 228,
1367 2238 1396 2296 3.
1414 2237 1447 2298 9;

251 2336 320 2396 233,
338 2335 364 2396 7.
391 2335 436 2380 20.
461 2335 511 2393 22,
546 2307 684 2378 ε’πττάττα
705 2319 751 2377 1212
779 2336 808 2395 p.
831 2334 900 2393 223,
925 2334 953 2391 5.
977 2335 1026 2392 25;
1059 2315 1229 2380 ἀπαλλάττω
1251 2341 1281 2398 p.
1306 2337 1375 2402 232,
1393 2340 1447 2398 24;

248 2417 364 2498 μέλιττα
385 2439 414 2496 p.
430 2435 499 2497 219,
516 2435 552 2493 3;
578 2415 730 2492 Θετταλοῖς
750 2438 780 2496 p.
799 2435 867 2497 222,
887 2414 947 2498 22).
991 2420 1054 2480 Sed
1076 2439 1184 2479 vereor
1205 2442 1245 2481 ne
1269 2423 1302 2481 in
1323 2443 1356 2481 re
1378 2443 1447 2501 per·

249 2524 357 2600 pusilla
379 2523 487 2580 nimius
509 2521 630 2581 fuerim:
664 2522 803 2580 nimirum
833 2521 892 2580 hoc
914 2522 1193 2584 manifestissimum
1217 2534 1325 2584 estex
1346 2527 1445 2584 verbis

251 2633 283 2683 et
304 2625 407 2683 formis
430 2624 584 2698 congestis
616 2623 733 2681 cunctis
763 2623 805 2682 ad
831 2631 966 2681 aetatem
989 2623 1135 2682 Antonini
1159 2625 1366 2686 definiendam
1388 2645 1445 2684 nos

251 2745 313 2786 non
343 2726 471 2785 multum
500 2725 606 2784 lucrari
633 2741 735 2800 posse,
766 2723 852 2800 quod
874 2743 913 2782 ea
940 2725 965 2782 si
988 2725 1056 2802 quis
1078 2727 1181 2786 omnia
1204 2748 1222 2785 e
1244 2728 1344 2804 poetis
1367 2745 1445 2804 quos

253 2838 359 2888 auctor
388 2827 478 2885 libelli
505 2826 687 2902 compilasse
714 2825 846 2892 videtur,
878 2824 991 2882 hausta
1018 2844 1088 2884 esse
1110 2827 1202 2902 dicet,
1236 2830 1303 2904 quis
1326 2837 1374 2887 est
1397 2831 1447 2904 qui

255 2931 317 2986 iure
331 2931 483 3006 denegare
499 2925 615 3004 possit?
641 2927 750 3002 Itaque
766 2926 860 2983 multo
876 2926 972 2984 maius
993 2929 1115 3003 pondus
1139 2929 1175 2986 iis
1196 2929 1299 2988 inesse
1320 2931 1447 2988 vocibus

225 3045 230 3054 '
257 3040 389 3108 apparet,
412 3049 492 3106 quae
515 3048 534 3087 a
555 3029 677 3104 poetica
700 3028 836 3086 dictione
861 3036 893 3085 et
913 3046 1035 3103 prorsus
1058 3029 1222 3088 abhorrent
1244 3049 1346 3107 neque
1367 3032 1449 3107 prius

256 3149 346 3208 quam
367 3133 451 3208 apud
474 3131 633 3206 scriptores
656 3129 757 3204 gentis
779 3128 923 3187 Iudaicae
945 3137 979 3187 et
1003 3131 1087 3206 apud
1110 3130 1300 3190 Plutarchum
1323 3133 1450 3210 eiusque

353 3420 364 3459 ¹
391 3423 493 3474 Eadem
517 3421 600 3472 forma
627 3421 734 3484 ambigit
755 3422 926 3473 Woelfflinus
951 3438 1012 3472 num
1036 3439 1052 3472 a
1070 3421 1207 3488 Polyaeno
1230 3431 1352 3490 usurpata
1370 3425 1449 3476 sitin

254 3513 423 3564 annotatione
446 3511 535 3561 critica
559 3511 592 3560 ad
610 3526 671 3577 pag.
690 3522 715 3573 3,
735 3525 760 3575 4,
790 3511 836 3561 ubi
853 3511 981 3577 Polyaeni
1002 3511 1134 3562 Ionismos
1158 3511 1298 3576 diligenter
1322 3513 1448 3564 collectos

253 3602 401 3667 reperimus.

352 3684 364 3723 2
383 3689 436 3739 Sed
455 3690 489 3741 ci.
506 3705 531 3755 p.
546 3703 576 3752 19
597 3705 655 3742 ann.
676 3702 691 3753 3
711 3689 786 3750 diss.;
806 3690 839 3740 de
858 3691 910 3740 α1εὶ
927 3695 953 3739 et
971 3684 1060 3745 αἰετὸς
1078 3689 1169 3739 formis
1188 3690 1248 3740 vide
1267 3707 1374 3757 quoque
1392 3693 1449 3741 Ru·

253 3777 376 3828 thetford.
390 3777 408 3828 l.
418 3777 437 3830 l.
456 3794 481 3843 p.
495 3791 543 3828 112
560 3787 585 3829 et
595 3777 790 3829 Meisterhansii
803 3771 980 3828 ‘Grammatilr
995 3775 1357 3828 (1022121201202122201221110221
1369 3797 1394 3846 p.
1409 3792 1448 3845 14.

354 3861 416 3916 υῙ22
433 3866 565 3918 Parthenii
586 3868 703 3918 editione
722 3867 755 3917 ab
777 3866 912 3916 Herchero
931 3873 1021 3916 curata
1038 3882 1064 3932 p.
1082 3877 1106 3930 7,
1122 3878 1150 3916 11
1173 3865 1231 3919 lllsv
1250 3868 1381 3934 scriptura
1405 3885 1448 3918 co·

255 3953 320 4004 dicis
339 3955 503 4006 aPassowio
522 3955 550 4005 in
568 3953 641 4009 εἶδεν
657 3957 802 4007 emendata.
839 3955 1001 4006 Contrarium
1011 3955 1100 4005 vitium
1113 3954 1211 4005 elutum
1228 3961 1268 4006 est
1286 3956 1322 4008 ib.
1333 3973 1358 4022 p.
1369 3956 1393 4016 8,
1407 3953 1450 4016 22,

255 4043 301 4092 ubi
319 4037 518 4112 προειδόμενος
536 4059 551 4094 2
568 4044 719 4096 membrana
738 4044 928 4110 suppeditatur.

354 4127 368 4165 ⁴
385 4131 536 4182 Hariolatur
554 4133 582 4184 in
596 4133 764 4185 annotatione
778 4133 868 4183 critica
878 4134 1105 4192 Westermannus,
1123 4132 1168 4198 qui
1183 4129 1305 4202 naprltltv
1316 4133 1343 4183 in
1357 4132 1448 4182 codice

254 4234 306 4269 non
326 4220 392 4271 clare
411 4237 533 4288 apparere
551 4221 623 4274 dicit.

354 4306 366 4343 ⁵
383 4309 499 4360 Dubitas
518 4311 597 4361 etiam
615 4311 649 4364 de
668 4310 763 4378 κοῦρος
780 4310 863 4362 forma
882 4307 929 4377 (cf.
939 4309 1068 4376 Apollod.
1079 4311 1130 4370 111,
1144 4320 1184 4376 15,
1195 4310 1219 4370 8,
1233 4320 1246 4374 5
1266 4309 1367 4362 etCon.
1379 4324 1447 4358 narr.

257 4408 272 4462 7
292 4413 317 4463 p.
339 4409 398 4463 127,
417 4399 449 4448 26
470 4399 511 4452 ed.
530 4399 639 4466 west),
659 4415 725 4465 quae
743 4408 781 4450 ter
801 4399 896 4450 tradita
921 4405 961 4448 est
980 4397 1017 4464 (p.
1035 4399 1096 4458 208,
1112 4410 1158 4463 27;
1181 4409 1238 4462 227,
1252 4409 1299 4460 24;
1318 4409 1378 4459 229,
1390 4395 1447 4462 23);

256 4477 336 4552 κόρος
358 4501 419 4535 vero
444 4495 536 4552 quater
558 4487 595 4556 (p.
616 4501 676 4554 217,
697 4500 740 4552 23.
758 4489 806 4554 28;
835 4488 896 4547 218,
916 4489 945 4546 63
975 4500 1035 4556 227,
1055 4489 1114 4554 23);
1144 4487 1190 4536 sed
1218 4486 1316 4551 ubique
1339 4484 1448 4548 (duode-

257 4573 319 4638 cies)
332 4565 407 4642 κόρη.

355 4658 368 4696 ⁶
385 4663 416 4712 In
433 4664 530 4733 quibus
549 4666 626 4716 etiarn
644 4681 675 4716 ea
693 4680 761 4731 quae
779 4666 907 4731 suspectis
925 4665 1047 4729 leguntur
1065 4664 1131 4715 locis
1150 4662 1290 4717 numeravi.
